{
    "response": {
        "hasNutrition": false,
        "runId": [],
        "modelId": [],
        "invocationId": [],
        "reranked": [],
        "rerankInput": [],
        "category": {
            "categoryId": 1447,
            "categoryTreeId": 2057,
            "categoryName": "Pets"
        },
        "facets": {
            "nutrition": [
                {
                    "name": "Kosher",
                    "id": "KOSHER",
                    "count": 1
                },
                {
                    "name": "Organic",
                    "id": "ORGANIC",
                    "count": 3
                }
            ],
            "brands": [
                {
                    "name": "Reveal",
                    "id": "10027",
                    "count": 11
                },
                {
                    "name": "Full Moon",
                    "id": "10069",
                    "count": 2
                },
                {
                    "name": "Burt's Bees",
                    "id": "107",
                    "count": 5
                },
                {
                    "name": "Purina Dentalife",
                    "id": "10946",
                    "count": 1
                },
                {
                    "name": "Ultra Chewy",
                    "id": "11386",
                    "count": 1
                },
                {
                    "name": "Purina Dog Chow",
                    "id": "11719",
                    "count": 3
                },
                {
                    "name": "Purina Cat Chow",
                    "id": "11720",
                    "count": 8
                },
                {
                    "name": "Hyper Pet",
                    "id": "11744",
                    "count": 1
                },
                {
                    "name": "Our Pet's",
                    "id": "11814",
                    "count": 1
                },
                {
                    "name": "Arm & Hammer",
                    "id": "1181",
                    "count": 21
                },
                {
                    "name": "TevraPet",
                    "id": "12272",
                    "count": 1
                },
                {
                    "name": "Nature's Promise",
                    "id": "128",
                    "count": 25
                },
                {
                    "name": "Purina Frosty Paws",
                    "id": "1373",
                    "count": 2
                },
                {
                    "name": "Artisan Inspired",
                    "id": "14460",
                    "count": 1
                },
                {
                    "name": "Good 'n' Tasty",
                    "id": "14488",
                    "count": 4
                },
                {
                    "name": "Jonny Cat",
                    "id": "1652",
                    "count": 1
                },
                {
                    "name": "Kibbles 'n Bits",
                    "id": "1683",
                    "count": 1
                },
                {
                    "name": "Jinx",
                    "id": "17462",
                    "count": 5
                },
                {
                    "name": "Purina Beggin'",
                    "id": "17734",
                    "count": 2
                },
                {
                    "name": "Ultra",
                    "id": "18109",
                    "count": 2
                },
                {
                    "name": "Ultra Pet",
                    "id": "18110",
                    "count": 3
                },
                {
                    "name": "Butcher's Naturals",
                    "id": "18156",
                    "count": 2
                },
                {
                    "name": "Calico Bay",
                    "id": "18179",
                    "count": 1
                },
                {
                    "name": "Newman's Own",
                    "id": "183",
                    "count": 4
                },
                {
                    "name": "Nutrish",
                    "id": "18514",
                    "count": 1
                },
                {
                    "name": "Zuke's",
                    "id": "18603",
                    "count": 2
                },
                {
                    "name": "Meow Mix",
                    "id": "1883",
                    "count": 12
                },
                {
                    "name": "Purina",
                    "id": "197",
                    "count": 7
                },
                {
                    "name": "Nature's Recipe",
                    "id": "1987",
                    "count": 3
                },
                {
                    "name": "Fresh Step",
                    "id": "198",
                    "count": 15
                },
                {
                    "name": "Friskies",
                    "id": "199",
                    "count": 98
                },
                {
                    "name": "Hartz",
                    "id": "201",
                    "count": 20
                },
                {
                    "name": "Nylabone",
                    "id": "2038",
                    "count": 3
                },
                {
                    "name": "Pup-Peroni",
                    "id": "2196",
                    "count": 5
                },
                {
                    "name": "Rachael Ray",
                    "id": "2211",
                    "count": 23
                },
                {
                    "name": "Resolve",
                    "id": "2251",
                    "count": 1
                },
                {
                    "name": "Tetra",
                    "id": "2532",
                    "count": 1
                },
                {
                    "name": "Tidy Cats",
                    "id": "2551",
                    "count": 22
                },
                {
                    "name": "Van Ness",
                    "id": "2622",
                    "count": 4
                },
                {
                    "name": "SHEBA",
                    "id": "2770",
                    "count": 11
                },
                {
                    "name": "Dingo",
                    "id": "3129",
                    "count": 1
                },
                {
                    "name": "SmartyKat",
                    "id": "3215",
                    "count": 1
                },
                {
                    "name": "Companion",
                    "id": "321",
                    "count": 63
                },
                {
                    "name": "PEDIGREE",
                    "id": "322",
                    "count": 32
                },
                {
                    "name": "Milk-Bone",
                    "id": "323",
                    "count": 14
                },
                {
                    "name": "Scoop Away",
                    "id": "324",
                    "count": 1
                },
                {
                    "name": "Fancy Feast",
                    "id": "325",
                    "count": 128
                },
                {
                    "name": "Brown's",
                    "id": "3819",
                    "count": 1
                },
                {
                    "name": "CESAR",
                    "id": "3926",
                    "count": 35
                },
                {
                    "name": "Blue Dog Bakery",
                    "id": "4202",
                    "count": 2
                },
                {
                    "name": "Canine Carry Outs",
                    "id": "4240",
                    "count": 4
                },
                {
                    "name": "Poochie",
                    "id": "4780",
                    "count": 1
                },
                {
                    "name": "Purina ONE",
                    "id": "4798",
                    "count": 35
                },
                {
                    "name": "Spot",
                    "id": "4893",
                    "count": 10
                },
                {
                    "name": "GREENIES",
                    "id": "5365",
                    "count": 15
                },
                {
                    "name": "Country Kitchen",
                    "id": "536",
                    "count": 1
                },
                {
                    "name": "Pet Zone",
                    "id": "5645",
                    "count": 2
                },
                {
                    "name": "Multipet",
                    "id": "6297",
                    "count": 2
                },
                {
                    "name": "Ruff & Whiskerz",
                    "id": "6450",
                    "count": 2
                },
                {
                    "name": "DreamBone",
                    "id": "6764",
                    "count": 3
                },
                {
                    "name": "Temptations",
                    "id": "6765",
                    "count": 59
                },
                {
                    "name": "World's Best",
                    "id": "6957",
                    "count": 4
                },
                {
                    "name": "Purina Beneful",
                    "id": "7049",
                    "count": 22
                },
                {
                    "name": "IAMS",
                    "id": "73",
                    "count": 5
                },
                {
                    "name": "K9 Cookhouse",
                    "id": "7497",
                    "count": 8
                },
                {
                    "name": "Three Dog Bakery",
                    "id": "74",
                    "count": 2
                },
                {
                    "name": "Febreze",
                    "id": "75",
                    "count": 3
                },
                {
                    "name": "9Lives",
                    "id": "778",
                    "count": 3
                },
                {
                    "name": "Purina Beyond",
                    "id": "7843",
                    "count": 5
                },
                {
                    "name": "Loving Pets",
                    "id": "7974",
                    "count": 1
                },
                {
                    "name": "Dr. Elsey's",
                    "id": "8205",
                    "count": 1
                },
                {
                    "name": "Supreme Source",
                    "id": "8416",
                    "count": 4
                },
                {
                    "name": "DreamSticks",
                    "id": "8509",
                    "count": 1
                },
                {
                    "name": "Ruffin' It",
                    "id": "8528",
                    "count": 11
                },
                {
                    "name": "NUTRO",
                    "id": "8548",
                    "count": 2
                },
                {
                    "name": "Delectables",
                    "id": "8554",
                    "count": 16
                },
                {
                    "name": "Blue Buffalo",
                    "id": "8593",
                    "count": 59
                },
                {
                    "name": "Nature's Miracle",
                    "id": "8628",
                    "count": 2
                },
                {
                    "name": "PetArmor",
                    "id": "8709",
                    "count": 1
                },
                {
                    "name": "Salvo",
                    "id": "8710",
                    "count": 1
                },
                {
                    "name": "Brite Concepts",
                    "id": "8722",
                    "count": 1
                },
                {
                    "name": "Purina Kit & Kaboodle",
                    "id": "8726",
                    "count": 1
                },
                {
                    "name": "Catnip Garden",
                    "id": "8828",
                    "count": 2
                },
                {
                    "name": "Groom Genie",
                    "id": "8867",
                    "count": 1
                },
                {
                    "name": "Good 'n' Fun",
                    "id": "8925",
                    "count": 3
                },
                {
                    "name": "Cat's Pride",
                    "id": "902",
                    "count": 7
                },
                {
                    "name": "Extreme!",
                    "id": "9045",
                    "count": 1
                },
                {
                    "name": "Lumabone",
                    "id": "9084",
                    "count": 1
                },
                {
                    "name": "TrustyPup",
                    "id": "9138",
                    "count": 1
                },
                {
                    "name": "Flick!",
                    "id": "9434",
                    "count": 1
                },
                {
                    "name": "Lavish",
                    "id": "9472",
                    "count": 1
                },
                {
                    "name": "The Zany Bunch",
                    "id": "9511",
                    "count": 1
                },
                {
                    "name": "Pawrific",
                    "id": "9644",
                    "count": 3
                }
            ],
            "categories": [
                {
                    "name": "Cat Litter Box Liners",
                    "id": "1454",
                    "count": 3
                },
                {
                    "name": "Cat Litter Boxes",
                    "id": "1455",
                    "count": 1
                },
                {
                    "name": "Pet Odor Eliminator",
                    "id": "1461",
                    "count": 5
                },
                {
                    "name": "Pet Stain Removers",
                    "id": "1462",
                    "count": 2
                },
                {
                    "name": "Dog Flea & Tick Control",
                    "id": "1463",
                    "count": 9
                },
                {
                    "name": "Cat Toys",
                    "id": "1465",
                    "count": 17
                },
                {
                    "name": "Catnip",
                    "id": "1466",
                    "count": 7
                },
                {
                    "name": "Dog Toys",
                    "id": "1469",
                    "count": 22
                },
                {
                    "name": "Pet Grooming",
                    "id": "1470",
                    "count": 9
                },
                {
                    "name": "Dog Waste Bags",
                    "id": "1472",
                    "count": 6
                },
                {
                    "name": "Dog Training Pads",
                    "id": "1473",
                    "count": 9
                },
                {
                    "name": "Small Animal Food & Treats",
                    "id": "1477",
                    "count": 2
                },
                {
                    "name": "More Cat Litter Supplies",
                    "id": "3049",
                    "count": 6
                },
                {
                    "name": "Cat Scratchers",
                    "id": "3050",
                    "count": 1
                },
                {
                    "name": "Pet Beds",
                    "id": "3053",
                    "count": 2
                },
                {
                    "name": "More Pet Essentials",
                    "id": "3066",
                    "count": 1
                },
                {
                    "name": "Pet Bowls",
                    "id": "3067",
                    "count": 5
                },
                {
                    "name": "Bird Food & Seed",
                    "id": "3939",
                    "count": 2
                },
                {
                    "name": "Fish Food",
                    "id": "3943",
                    "count": 1
                },
                {
                    "name": "Cat Flea & Tick Control",
                    "id": "3947",
                    "count": 5
                },
                {
                    "name": "Cat Health & Wellness",
                    "id": "3954",
                    "count": 1
                },
                {
                    "name": "Dental Dog Treats",
                    "id": "3955",
                    "count": 11
                },
                {
                    "name": "Dog Biscuits & Crunchy Treats",
                    "id": "3956",
                    "count": 14
                },
                {
                    "name": "Dog Bones, Bully Sticks & Rawhides",
                    "id": "3957",
                    "count": 37
                },
                {
                    "name": "Frozen Dog Treats",
                    "id": "3959",
                    "count": 3
                },
                {
                    "name": "Soft & Chewy Dog Treats",
                    "id": "3960",
                    "count": 39
                },
                {
                    "name": "Clumping & Scoopable Cat Litter",
                    "id": "3964",
                    "count": 68
                },
                {
                    "name": "Clay Cat Litter",
                    "id": "3965",
                    "count": 7
                },
                {
                    "name": "Crunchy Cat Treats",
                    "id": "3969",
                    "count": 71
                },
                {
                    "name": "Soft Cat Treats",
                    "id": "3970",
                    "count": 24
                },
                {
                    "name": "Dental Cat Treats",
                    "id": "3971",
                    "count": 4
                },
                {
                    "name": "Cat Food Complement & Toppers",
                    "id": "5259",
                    "count": 39
                },
                {
                    "name": "Dog Food Complement & Toppers",
                    "id": "5260",
                    "count": 8
                },
                {
                    "name": "Dry Kitten Food",
                    "id": "5268",
                    "count": 2
                },
                {
                    "name": "Dry Adult Cat Food",
                    "id": "5269",
                    "count": 47
                },
                {
                    "name": "Dry Senior Cat Food",
                    "id": "5270",
                    "count": 1
                },
                {
                    "name": "Wet Kitten Food",
                    "id": "5271",
                    "count": 5
                },
                {
                    "name": "Wet Adult Cat Food",
                    "id": "5272",
                    "count": 245
                },
                {
                    "name": "Wet Senior Cat Food",
                    "id": "5273",
                    "count": 1
                },
                {
                    "name": "Dry Puppy Food",
                    "id": "5274",
                    "count": 5
                },
                {
                    "name": "Dry Adult Dog Food",
                    "id": "5275",
                    "count": 50
                },
                {
                    "name": "Wet Puppy Food",
                    "id": "5277",
                    "count": 3
                },
                {
                    "name": "Wet Adult Dog Food",
                    "id": "5278",
                    "count": 117
                },
                {
                    "name": "Wet Senior Dog Food",
                    "id": "5279",
                    "count": 2
                },
                {
                    "name": "Crystal Cat Litter",
                    "id": "5709",
                    "count": 4
                }
            ],
            "sustainability": [
                {
                    "name": "Minimally Processed",
                    "id": "77",
                    "count": 35
                },
                {
                    "name": "Clean Label",
                    "id": "78",
                    "count": 21
                },
                {
                    "name": "Plant Based",
                    "id": "81",
                    "count": 7
                },
                {
                    "name": "No Artificial Flavors",
                    "id": "82",
                    "count": 472
                },
                {
                    "name": "Fair Labor",
                    "id": "83",
                    "count": 13
                },
                {
                    "name": "Climate Friendly",
                    "id": "90",
                    "count": 12
                }
            ]
        },
        "products": [
            {
                "prodId": 167150,
                "name": "Fancy Feast Gravy Lovers Grilled Chicken Feast in Gravy Wet Cat Food",
                "size": "3 OZ CAN",
                "unitPrice": 0.30,
                "unitMeasure": "OZ",
                "price": 0.89,
                "regularPrice": 0.89,
                "rootCatId": 1447,
                "rootCatSeq": 33,
                "rootCatName": "Pets",
                "rootCategoryTreeId": 2057,
                "upc": "5000057845",
                "hasSubstitute": false,
                "rating": 0.0,
                "ratingReviewsSuppressed": true,
                "marketSpecificReviews": false,
                "reviewId": "167150-PPDALL",
                "brandId": 325,
                "brand": "Fancy Feast",
                "subcatId": 5272,
                "subcatName": "Wet Adult Cat Food",
                "flags": {
                    "sample": false,
                    "suppressed": false,
                    "active": true,
                    "outOfStock": false,
                    "specialCode": " ",
                    "upromise": false,
                    "newArrival": false,
                    "privateLabel": false,
                    "preferredItem": false,
                    "bogo": false,
                    "sale": false,
                    "lowPriceEveryday": false,
                    "organic": false,
                    "dairy": false,
                    "egg": false,
                    "gluten": false,
                    "kosher": false,
                    "peanut": false,
                    "nonGMO": false,
                    "vegan": false,
                    "vegetarian": false,
                    "lactoseFree": false,
                    "antibioticFree": false,
                    "wheatFree": false,
                    "hormoneFree": false,
                    "nitrateFree": false,
                    "nitriteFree": false,
                    "natural": false,
                    "longTermOutOfStock": false
                },
                "image": {
                    "small": "https://i5.peapod.com/c/V5/V5PB2.png",
                    "medium": "https://i5.peapod.com/c/M1/M1KY0.png",
                    "large": "https://i5.peapod.com/c/7K/7KYDR.png",
                    "xlarge": "https://i5.peapod.com/c/VL/VLZCB.png"
                },
                "bmsm": false,
                "bmsmTiers": [],
                "guidingStars": 0,
                "availableDisplayCoupons": [],
                "options": [],
                "suppressSwapAndSave": true,
                "productCategoryId": 5272,
                "aisle": "13",
                "pickStoreLocationId": "13B-020-005-006",
                "hasPriceAdjustment": false,
                "hasPickStoreLocation": true,
                "hasCoupon": false,
                "pickupLockerAvailable": true,
                "sustainabilityRating": 0,
                "isMarketplaceProduct": false,
                "ebtEligible": false,
                "variableWeight": false,
                "bottleDepositMap": {},
                "isAlcohol": false,
                "categories": [],
                "weightIncrement": 1.0,
                "weightedRegularPrice": 0.89,
                "boosted": false,
                "showStrikethrough": true,
                "advertiseOnSale": false
            },
            {
                "sponsoredProductInfo": {
                    "adId": "display_5srNRBHBD44U7JdOIpujfQAE3c0KCAoGMzQxMDgxEgIIARoMCP-Jg8IGEJDI4oABIgIIAQ==",
                    "expiry": "2025-06-04T22:13:19.27005032Z",
                    "sessionId": "39858261-350a-4b65-b6c0-acf6fb21ae9f"
                },
                "prodId": 341081,
                "name": "Blue Buffalo Wilderness Natural High Protein Chicken Adult Dry Dog Food",
                "size": "4.5 LB BAG",
                "unitPrice": 0.32,
                "unitMeasure": "OZ",
                "price": 22.99,
                "regularPrice": 22.99,
                "rootCatId": 1447,
                "rootCatSeq": 33,
                "rootCatName": "Pets",
                "rootCategoryTreeId": 2057,
                "upc": "84024314852",
                "hasSubstitute": false,
                "rating": 0.0,
                "ratingReviewsSuppressed": true,
                "marketSpecificReviews": false,
                "reviewId": "341081-PPDALL",
                "brandId": 8593,
                "brand": "Blue Buffalo",
                "subcatId": 5275,
                "subcatName": "Dry Adult Dog Food",
                "flags": {
                    "sample": false,
                    "suppressed": false,
                    "active": true,
                    "outOfStock": false,
                    "specialCode": " ",
                    "upromise": false,
                    "newArrival": false,
                    "privateLabel": false,
                    "preferredItem": false,
                    "bogo": false,
                    "sale": false,
                    "lowPriceEveryday": false,
                    "organic": false,
                    "dairy": false,
                    "egg": false,
                    "gluten": false,
                    "kosher": false,
                    "peanut": false,
                    "nonGMO": false,
                    "vegan": false,
                    "vegetarian": false,
                    "lactoseFree": false,
                    "antibioticFree": false,
                    "wheatFree": true,
                    "hormoneFree": false,
                    "nitrateFree": false,
                    "nitriteFree": false,
                    "natural": true,
                    "longTermOutOfStock": false
                },
                "image": {
                    "small": "https://i5.peapod.com/c/Y9/Y9XKA.png",
                    "medium": "https://i5.peapod.com/c/4M/4MQM3.png",
                    "large": "https://i5.peapod.com/c/KS/KS5WR.png",
                    "xlarge": "https://i5.peapod.com/c/L8/L8SJ8.png"
                },
                "bmsm": false,
                "bmsmTiers": [],
                "guidingStars": 0,
                "availableDisplayCoupons": [],
                "options": [],
                "suppressSwapAndSave": true,
                "productCategoryId": 5275,
                "aisle": "13",
                "pickStoreLocationId": "13B-038-005-003",
                "hasPriceAdjustment": false,
                "hasPickStoreLocation": true,
                "hasCoupon": false,
                "pickupLockerAvailable": true,
                "sustainabilityRating": 0,
                "isMarketplaceProduct": false,
                "ebtEligible": false,
                "variableWeight": false,
                "bottleDepositMap": {},
                "isAlcohol": false,
                "categories": [],
                "weightIncrement": 1.0,
                "weightedRegularPrice": 22.99,
                "boosted": false,
                "showStrikethrough": true,
                "advertiseOnSale": false
            },
            {
                "sponsoredProductInfo": {
                    "adId": "display_eutCZAbINNgQnVTItpbJy99-jxAKCAoGMjI2NDU1EgIIARoMCP-Jg8IGEO7M3oABIgIIAQ==",
                    "expiry": "2025-06-04T22:13:19.26998539Z",
                    "sessionId": "39858261-350a-4b65-b6c0-acf6fb21ae9f"
                },
                "prodId": 226455,
                "name": "BLUE Natural Homestyle Beef Dinner with Vegetables Adult Wet Dog Food",
                "size": "12.5 OZ CAN",
                "unitPrice": 0.30,
                "unitMeasure": "OZ",
                "price": 3.79,
                "regularPrice": 3.79,
                "rootCatId": 1447,
                "rootCatSeq": 33,
                "rootCatName": "Pets",
                "rootCategoryTreeId": 2057,
                "upc": "84024310495",
                "hasSubstitute": false,
                "rating": 0.0,
                "ratingReviewsSuppressed": true,
                "marketSpecificReviews": false,
                "reviewId": "226455-PPDALL",
                "brandId": 8593,
                "brand": "Blue Buffalo",
                "subcatId": 5278,
                "subcatName": "Wet Adult Dog Food",
                "flags": {
                    "sample": false,
                    "suppressed": false,
                    "active": true,
                    "outOfStock": false,
                    "specialCode": " ",
                    "upromise": false,
                    "newArrival": false,
                    "privateLabel": false,
                    "preferredItem": false,
                    "bogo": false,
                    "sale": false,
                    "lowPriceEveryday": false,
                    "organic": false,
                    "dairy": false,
                    "egg": false,
                    "gluten": false,
                    "kosher": false,
                    "peanut": false,
                    "nonGMO": false,
                    "vegan": false,
                    "vegetarian": false,
                    "lactoseFree": false,
                    "antibioticFree": false,
                    "wheatFree": true,
                    "hormoneFree": false,
                    "nitrateFree": false,
                    "nitriteFree": false,
                    "natural": false,
                    "longTermOutOfStock": false
                },
                "image": {
                    "small": "https://i5.peapod.com/c/DO/DO4HU.png",
                    "medium": "https://i5.peapod.com/c/QT/QTRXW.png",
                    "large": "https://i5.peapod.com/c/WC/WCGSF.png",
                    "xlarge": "https://i5.peapod.com/c/AS/ASEKH.png"
                },
                "bmsm": false,
                "bmsmTiers": [],
                "guidingStars": 0,
                "availableDisplayCoupons": [],
                "options": [],
                "suppressSwapAndSave": true,
                "productCategoryId": 5278,
                "aisle": "13",
                "pickStoreLocationId": "13B-032-008-005",
                "hasPriceAdjustment": false,
                "hasPickStoreLocation": true,
                "hasCoupon": false,
                "pickupLockerAvailable": true,
                "sustainabilityRating": 0,
                "isMarketplaceProduct": false,
                "ebtEligible": false,
                "variableWeight": false,
                "bottleDepositMap": {},
                "isAlcohol": false,
                "categories": [],
                "weightIncrement": 1.0,
                "weightedRegularPrice": 3.79,
                "boosted": false,
                "showStrikethrough": true,
                "advertiseOnSale": false
            },
            {
                "sponsoredProductInfo": {
                    "adId": "display_fXdQje-gstmzj_SPFNtCKIsk5zsKCAoGMjI2NDU2EgIIARoMCP-Jg8IGEO6L3oABIgIIAQ==",
                    "expiry": "2025-06-04T22:13:19.26997707Z",
                    "sessionId": "39858261-350a-4b65-b6c0-acf6fb21ae9f"
                },
                "prodId": 226456,
                "name": "BLUE Natural Homestyle Chicken Dinner with Vegetables Wet Dog Food",
                "size": "12.5 OZ CAN",
                "unitPrice": 0.30,
                "unitMeasure": "OZ",
                "price": 3.79,
                "regularPrice": 3.79,
                "rootCatId": 1447,
                "rootCatSeq": 33,
                "rootCatName": "Pets",
                "rootCategoryTreeId": 2057,
                "upc": "84024310493",
                "hasSubstitute": false,
                "rating": 0.0,
                "ratingReviewsSuppressed": true,
                "marketSpecificReviews": false,
                "reviewId": "226456-PPDALL",
                "brandId": 8593,
                "brand": "Blue Buffalo",
                "subcatId": 5278,
                "subcatName": "Wet Adult Dog Food",
                "flags": {
                    "sample": false,
                    "suppressed": false,
                    "active": true,
                    "outOfStock": false,
                    "specialCode": " ",
                    "upromise": false,
                    "newArrival": false,
                    "privateLabel": false,
                    "preferredItem": false,
                    "bogo": false,
                    "sale": false,
                    "lowPriceEveryday": false,
                    "organic": false,
                    "dairy": false,
                    "egg": false,
                    "gluten": false,
                    "kosher": false,
                    "peanut": false,
                    "nonGMO": false,
                    "vegan": false,
                    "vegetarian": false,
                    "lactoseFree": false,
                    "antibioticFree": false,
                    "wheatFree": true,
                    "hormoneFree": false,
                    "nitrateFree": false,
                    "nitriteFree": false,
                    "natural": false,
                    "longTermOutOfStock": false
                },
                "image": {
                    "small": "https://i5.peapod.com/c/VN/VNQ8M.png",
                    "medium": "https://i5.peapod.com/c/65/65IPI.png",
                    "large": "https://i5.peapod.com/c/6P/6P0OH.png",
                    "xlarge": "https://i5.peapod.com/c/7O/7OS4Q.png"
                },
                "bmsm": false,
                "bmsmTiers": [],
                "guidingStars": 0,
                "availableDisplayCoupons": [],
                "options": [],
                "suppressSwapAndSave": true,
                "productCategoryId": 5278,
                "aisle": "13",
                "pickStoreLocationId": "13B-032-008-003",
                "hasPriceAdjustment": false,
                "hasPickStoreLocation": true,
                "hasCoupon": false,
                "pickupLockerAvailable": true,
                "sustainabilityRating": 0,
                "isMarketplaceProduct": false,
                "ebtEligible": false,
                "variableWeight": false,
                "bottleDepositMap": {},
                "isAlcohol": false,
                "categories": [],
                "weightIncrement": 1.0,
                "weightedRegularPrice": 3.79,
                "boosted": false,
                "showStrikethrough": true,
                "advertiseOnSale": false
            },
            {
                "prodId": 6976,
                "name": "Fancy Feast Classic Pate Chicken Feast Wet Cat Food",
                "size": "3 OZ CAN",
                "unitPrice": 0.30,
                "unitMeasure": "OZ",
                "price": 0.89,
                "regularPrice": 0.89,
                "rootCatId": 1447,
                "rootCatSeq": 33,
                "rootCatName": "Pets",
                "rootCategoryTreeId": 2057,
                "upc": "5000042994",
                "hasSubstitute": false,
                "rating": 0.0,
                "ratingReviewsSuppressed": true,
                "marketSpecificReviews": false,
                "reviewId": "6976-PPDALL",
                "brandId": 325,
                "brand": "Fancy Feast",
                "subcatId": 5272,
                "subcatName": "Wet Adult Cat Food",
                "flags": {
                    "sample": false,
                    "suppressed": false,
                    "active": false,
                    "outOfStock": true,
                    "specialCode": " ",
                    "upromise": false,
                    "newArrival": false,
                    "privateLabel": false,
                    "preferredItem": false,
                    "bogo": false,
                    "sale": false,
                    "lowPriceEveryday": false,
                    "organic": false,
                    "dairy": false,
                    "egg": false,
                    "gluten": false,
                    "kosher": false,
                    "peanut": false,
                    "nonGMO": false,
                    "vegan": false,
                    "vegetarian": false,
                    "lactoseFree": false,
                    "antibioticFree": false,
                    "wheatFree": false,
                    "hormoneFree": false,
                    "nitrateFree": false,
                    "nitriteFree": false,
                    "natural": false,
                    "longTermOutOfStock": false
                },
                "image": {
                    "small": "https://i5.peapod.com/c/HK/HKDVP.png",
                    "medium": "https://i5.peapod.com/c/CK/CK4L4.png",
                    "large": "https://i5.peapod.com/c/A4/A4L91.png",
                    "xlarge": "https://i5.peapod.com/c/ZE/ZEQIF.png"
                },
                "bmsm": false,
                "bmsmTiers": [],
                "guidingStars": 0,
                "availableDisplayCoupons": [],
                "options": [],
                "suppressSwapAndSave": true,
                "productCategoryId": 5272,
                "aisle": "13",
                "pickStoreLocationId": "13B-020-006-003",
                "hasPriceAdjustment": false,
                "hasPickStoreLocation": true,
                "hasCoupon": false,
                "pickupLockerAvailable": true,
                "sustainabilityRating": 0,
                "isMarketplaceProduct": false,
                "ebtEligible": false,
                "variableWeight": false,
                "bottleDepositMap": {},
                "isAlcohol": false,
                "categories": [],
                "weightIncrement": 1.0,
                "weightedRegularPrice": 0.89,
                "boosted": false,
                "showStrikethrough": true,
                "advertiseOnSale": false
            },
            {
                "prodId": 6973,
                "name": "Fancy Feast Classic Pate Ocean Whitefish & Tuna Feast Wet Cat Food",
                "size": "3 OZ CAN",
                "unitPrice": 0.30,
                "unitMeasure": "OZ",
                "price": 0.89,
                "regularPrice": 0.89,
                "rootCatId": 1447,
                "rootCatSeq": 33,
                "rootCatName": "Pets",
                "rootCategoryTreeId": 2057,
                "upc": "5000042964",
                "hasSubstitute": false,
                "rating": 0.0,
                "ratingReviewsSuppressed": true,
                "marketSpecificReviews": false,
                "reviewId": "6973-PPDALL",
                "brandId": 325,
                "brand": "Fancy Feast",
                "subcatId": 5272,
                "subcatName": "Wet Adult Cat Food",
                "flags": {
                    "sample": false,
                    "suppressed": false,
                    "active": true,
                    "outOfStock": false,
                    "specialCode": " ",
                    "upromise": false,
                    "newArrival": false,
                    "privateLabel": false,
                    "preferredItem": false,
                    "bogo": false,
                    "sale": false,
                    "lowPriceEveryday": false,
                    "organic": false,
                    "dairy": false,
                    "egg": false,
                    "gluten": false,
                    "kosher": false,
                    "peanut": false,
                    "nonGMO": false,
                    "vegan": false,
                    "vegetarian": false,
                    "lactoseFree": false,
                    "antibioticFree": false,
                    "wheatFree": false,
                    "hormoneFree": false,
                    "nitrateFree": false,
                    "nitriteFree": false,
                    "natural": false,
                    "longTermOutOfStock": false
                },
                "image": {
                    "small": "https://i5.peapod.com/c/ZY/ZYNGC.png",
                    "medium": "https://i5.peapod.com/c/IC/ICKPR.png",
                    "large": "https://i5.peapod.com/c/MH/MH7YQ.png",
                    "xlarge": "https://i5.peapod.com/c/WK/WK4DE.png"
                },
                "bmsm": false,
                "bmsmTiers": [],
                "guidingStars": 0,
                "availableDisplayCoupons": [],
                "options": [],
                "suppressSwapAndSave": true,
                "productCategoryId": 5272,
                "aisle": "13",
                "pickStoreLocationId": "13B-020-006-012",
                "hasPriceAdjustment": false,
                "hasPickStoreLocation": true,
                "hasCoupon": false,
                "pickupLockerAvailable": true,
                "sustainabilityRating": 0,
                "isMarketplaceProduct": false,
                "ebtEligible": false,
                "variableWeight": false,
                "bottleDepositMap": {},
                "isAlcohol": false,
                "categories": [],
                "weightIncrement": 1.0,
                "weightedRegularPrice": 0.89,
                "boosted": false,
                "showStrikethrough": true,
                "advertiseOnSale": false
            },
            {
                "sponsoredProductInfo": {
                    "adId": "display_qAQ1dw9UscZSPoVUaEkazDLoBkQKCAoGMjI2NDU3EgIIARoMCP-Jg8IGEPKY4YABIgIIAQ==",
                    "expiry": "2025-06-04T22:13:19.27002789Z",
                    "sessionId": "39858261-350a-4b65-b6c0-acf6fb21ae9f"
                },
                "prodId": 226457,
                "name": "BLUE Natural Homestyle Lamb Dinner with Vegetables Wet Dog Food",
                "size": "12.5 OZ CAN",
                "unitPrice": 0.30,
                "unitMeasure": "OZ",
                "price": 3.79,
                "regularPrice": 3.79,
                "rootCatId": 1447,
                "rootCatSeq": 33,
                "rootCatName": "Pets",
                "rootCategoryTreeId": 2057,
                "upc": "84024310494",
                "hasSubstitute": false,
                "rating": 0.0,
                "ratingReviewsSuppressed": true,
                "marketSpecificReviews": false,
                "reviewId": "226457-PPDALL",
                "brandId": 8593,
                "brand": "Blue Buffalo",
                "subcatId": 5278,
                "subcatName": "Wet Adult Dog Food",
                "flags": {
                    "sample": false,
                    "suppressed": false,
                    "active": true,
                    "outOfStock": false,
                    "specialCode": " ",
                    "upromise": false,
                    "newArrival": false,
                    "privateLabel": false,
                    "preferredItem": false,
                    "bogo": false,
                    "sale": false,
                    "lowPriceEveryday": false,
                    "organic": false,
                    "dairy": false,
                    "egg": false,
                    "gluten": false,
                    "kosher": false,
                    "peanut": false,
                    "nonGMO": false,
                    "vegan": false,
                    "vegetarian": false,
                    "lactoseFree": false,
                    "antibioticFree": false,
                    "wheatFree": true,
                    "hormoneFree": false,
                    "nitrateFree": false,
                    "nitriteFree": false,
                    "natural": false,
                    "longTermOutOfStock": false
                },
                "image": {
                    "small": "https://i5.peapod.com/c/QD/QDU5D.png",
                    "medium": "https://i5.peapod.com/c/QT/QTGEY.png",
                    "large": "https://i5.peapod.com/c/8Q/8QJGV.png",
                    "xlarge": "https://i5.peapod.com/c/B5/B5YEQ.png"
                },
                "bmsm": false,
                "bmsmTiers": [],
                "guidingStars": 0,
                "availableDisplayCoupons": [],
                "options": [],
                "suppressSwapAndSave": true,
                "productCategoryId": 5278,
                "aisle": "13",
                "pickStoreLocationId": "13B-032-008-007",
                "hasPriceAdjustment": false,
                "hasPickStoreLocation": true,
                "hasCoupon": false,
                "pickupLockerAvailable": true,
                "sustainabilityRating": 0,
                "isMarketplaceProduct": false,
                "ebtEligible": false,
                "variableWeight": false,
                "bottleDepositMap": {},
                "isAlcohol": false,
                "categories": [],
                "weightIncrement": 1.0,
                "weightedRegularPrice": 3.79,
                "boosted": false,
                "showStrikethrough": true,
                "advertiseOnSale": false
            },
            {
                "prodId": 162000,
                "name": "Friskies Shreds Chicken in Gravy Adult Wet Cat Food",
                "size": "5.5 OZ CAN",
                "unitPrice": 0.14,
                "unitMeasure": "OZ",
                "price": 0.79,
                "regularPrice": 0.79,
                "rootCatId": 1447,
                "rootCatSeq": 33,
                "rootCatName": "Pets",
                "rootCategoryTreeId": 2057,
                "upc": "5000057198",
                "hasSubstitute": false,
                "rating": 0.0,
                "ratingReviewsSuppressed": true,
                "marketSpecificReviews": false,
                "reviewId": "162000-PPDALL",
                "brandId": 199,
                "brand": "Friskies",
                "subcatId": 5272,
                "subcatName": "Wet Adult Cat Food",
                "flags": {
                    "sample": false,
                    "suppressed": false,
                    "active": true,
                    "outOfStock": false,
                    "specialCode": " ",
                    "upromise": false,
                    "newArrival": false,
                    "privateLabel": false,
                    "preferredItem": false,
                    "bogo": false,
                    "sale": false,
                    "lowPriceEveryday": false,
                    "organic": false,
                    "dairy": false,
                    "egg": false,
                    "gluten": false,
                    "kosher": false,
                    "peanut": false,
                    "nonGMO": false,
                    "vegan": false,
                    "vegetarian": false,
                    "lactoseFree": false,
                    "antibioticFree": false,
                    "wheatFree": false,
                    "hormoneFree": false,
                    "nitrateFree": false,
                    "nitriteFree": false,
                    "natural": false,
                    "longTermOutOfStock": false
                },
                "image": {
                    "small": "https://i5.peapod.com/c/CD/CDMGP.png",
                    "medium": "https://i5.peapod.com/c/3H/3H9TV.png",
                    "large": "https://i5.peapod.com/c/3X/3X4V5.png",
                    "xlarge": "https://i5.peapod.com/c/J8/J8AUQ.png"
                },
                "bmsm": false,
                "bmsmTiers": [],
                "guidingStars": 0,
                "availableDisplayCoupons": [],
                "options": [],
                "suppressSwapAndSave": true,
                "productCategoryId": 5272,
                "aisle": "13",
                "pickStoreLocationId": "13B-022-005-003",
                "hasPriceAdjustment": false,
                "hasPickStoreLocation": true,
                "hasCoupon": false,
                "pickupLockerAvailable": true,
                "sustainabilityRating": 0,
                "isMarketplaceProduct": false,
                "ebtEligible": false,
                "variableWeight": false,
                "bottleDepositMap": {},
                "isAlcohol": false,
                "categories": [],
                "weightIncrement": 1.0,
                "weightedRegularPrice": 0.79,
                "boosted": false,
                "showStrikethrough": true,
                "advertiseOnSale": false
            },
            {
                "sponsoredProductInfo": {
                    "adId": "display_X88vhgd66Kbhi-bQeKxbMP4JtbAKCAoGMzM0MDE5EgIIARoMCP-Jg8IGELy-4YABIgIIAQ==",
                    "expiry": "2025-06-04T22:13:19.2700327Z",
                    "sessionId": "39858261-350a-4b65-b6c0-acf6fb21ae9f"
                },
                "prodId": 334019,
                "name": "Blue Buffalo Natural Grain Free Stews Variety Pack Wet Dog Food - 6 ct",
                "size": "4.69 LB BOX",
                "unitPrice": 0.29,
                "unitMeasure": "OZ",
                "price": 21.79,
                "regularPrice": 21.79,
                "rootCatId": 1447,
                "rootCatSeq": 33,
                "rootCatName": "Pets",
                "rootCategoryTreeId": 2057,
                "upc": "84024314974",
                "hasSubstitute": false,
                "rating": 0.0,
                "ratingReviewsSuppressed": true,
                "marketSpecificReviews": false,
                "reviewId": "334019-PPDALL",
                "brandId": 8593,
                "brand": "Blue Buffalo",
                "subcatId": 5278,
                "subcatName": "Wet Adult Dog Food",
                "flags": {
                    "sample": false,
                    "suppressed": false,
                    "active": true,
                    "outOfStock": false,
                    "specialCode": " ",
                    "upromise": false,
                    "newArrival": false,
                    "privateLabel": false,
                    "preferredItem": false,
                    "bogo": false,
                    "sale": false,
                    "lowPriceEveryday": false,
                    "organic": false,
                    "dairy": false,
                    "egg": false,
                    "gluten": false,
                    "kosher": false,
                    "peanut": false,
                    "nonGMO": false,
                    "vegan": false,
                    "vegetarian": false,
                    "lactoseFree": false,
                    "antibioticFree": false,
                    "wheatFree": true,
                    "hormoneFree": false,
                    "nitrateFree": false,
                    "nitriteFree": false,
                    "natural": false,
                    "longTermOutOfStock": false
                },
                "image": {
                    "small": "https://i5.peapod.com/c/QL/QL6R6.png",
                    "medium": "https://i5.peapod.com/c/IJ/IJTK1.png",
                    "large": "https://i5.peapod.com/c/R3/R3YEZ.png",
                    "xlarge": "https://i5.peapod.com/c/UH/UH7LP.png"
                },
                "bmsm": false,
                "bmsmTiers": [],
                "guidingStars": 0,
                "availableDisplayCoupons": [],
                "options": [],
                "suppressSwapAndSave": true,
                "productCategoryId": 5278,
                "aisle": "13",
                "pickStoreLocationId": "13B-032-001-004",
                "hasPriceAdjustment": false,
                "hasPickStoreLocation": true,
                "hasCoupon": false,
                "pickupLockerAvailable": true,
                "sustainabilityRating": 0,
                "isMarketplaceProduct": false,
                "ebtEligible": false,
                "variableWeight": false,
                "bottleDepositMap": {},
                "isAlcohol": false,
                "categories": [],
                "weightIncrement": 1.0,
                "weightedRegularPrice": 21.79,
                "boosted": false,
                "showStrikethrough": true,
                "advertiseOnSale": false
            },
            {
                "prodId": 6971,
                "name": "Fancy Feast Classic Pate Savory Salmon Feast Wet Cat Food",
                "size": "3 OZ CAN",
                "unitPrice": 0.30,
                "unitMeasure": "OZ",
                "price": 0.89,
                "regularPrice": 0.89,
                "rootCatId": 1447,
                "rootCatSeq": 33,
                "rootCatName": "Pets",
                "rootCategoryTreeId": 2057,
                "upc": "5000042944",
                "hasSubstitute": false,
                "rating": 0.0,
                "ratingReviewsSuppressed": true,
                "marketSpecificReviews": false,
                "reviewId": "6971-PPDALL",
                "brandId": 325,
                "brand": "Fancy Feast",
                "subcatId": 5272,
                "subcatName": "Wet Adult Cat Food",
                "flags": {
                    "sample": false,
                    "suppressed": false,
                    "active": true,
                    "outOfStock": false,
                    "specialCode": " ",
                    "upromise": false,
                    "newArrival": false,
                    "privateLabel": false,
                    "preferredItem": false,
                    "bogo": false,
                    "sale": false,
                    "lowPriceEveryday": false,
                    "organic": false,
                    "dairy": false,
                    "egg": false,
                    "gluten": false,
                    "kosher": false,
                    "peanut": false,
                    "nonGMO": false,
                    "vegan": false,
                    "vegetarian": false,
                    "lactoseFree": false,
                    "antibioticFree": false,
                    "wheatFree": false,
                    "hormoneFree": false,
                    "nitrateFree": false,
                    "nitriteFree": false,
                    "natural": false,
                    "longTermOutOfStock": false
                },
                "image": {
                    "small": "https://i5.peapod.com/c/6L/6LTV2.png",
                    "medium": "https://i5.peapod.com/c/8B/8B3XN.png",
                    "large": "https://i5.peapod.com/c/TH/THYXL.png",
                    "xlarge": "https://i5.peapod.com/c/MX/MXNK1.png"
                },
                "bmsm": false,
                "bmsmTiers": [],
                "guidingStars": 0,
                "availableDisplayCoupons": [],
                "options": [],
                "suppressSwapAndSave": true,
                "productCategoryId": 5272,
                "aisle": "13",
                "pickStoreLocationId": "13B-020-006-011",
                "hasPriceAdjustment": false,
                "hasPickStoreLocation": true,
                "hasCoupon": false,
                "pickupLockerAvailable": true,
                "sustainabilityRating": 0,
                "isMarketplaceProduct": false,
                "ebtEligible": false,
                "variableWeight": false,
                "bottleDepositMap": {},
                "isAlcohol": false,
                "categories": [],
                "weightIncrement": 1.0,
                "weightedRegularPrice": 0.89,
                "boosted": false,
                "showStrikethrough": true,
                "advertiseOnSale": false
            },
            {
                "prodId": 134591,
                "name": "Fancy Feast Grilled Tuna Feast in Gravy Wet Cat Food",
                "size": "3 OZ CAN",
                "unitPrice": 0.30,
                "unitMeasure": "OZ",
                "price": 0.89,
                "regularPrice": 0.89,
                "rootCatId": 1447,
                "rootCatSeq": 33,
                "rootCatName": "Pets",
                "rootCategoryTreeId": 2057,
                "upc": "5000083612",
                "hasSubstitute": false,
                "rating": 0.0,
                "ratingReviewsSuppressed": true,
                "marketSpecificReviews": false,
                "reviewId": "134591-PPDALL",
                "brandId": 325,
                "brand": "Fancy Feast",
                "subcatId": 5272,
                "subcatName": "Wet Adult Cat Food",
                "flags": {
                    "sample": false,
                    "suppressed": false,
                    "active": true,
                    "outOfStock": false,
                    "specialCode": " ",
                    "upromise": false,
                    "newArrival": false,
                    "privateLabel": false,
                    "preferredItem": false,
                    "bogo": false,
                    "sale": false,
                    "lowPriceEveryday": false,
                    "organic": false,
                    "dairy": false,
                    "egg": false,
                    "gluten": false,
                    "kosher": false,
                    "peanut": false,
                    "nonGMO": false,
                    "vegan": false,
                    "vegetarian": false,
                    "lactoseFree": false,
                    "antibioticFree": false,
                    "wheatFree": false,
                    "hormoneFree": false,
                    "nitrateFree": false,
                    "nitriteFree": false,
                    "natural": false,
                    "longTermOutOfStock": false
                },
                "image": {
                    "small": "https://i5.peapod.com/c/HV/HVZ8A.png",
                    "medium": "https://i5.peapod.com/c/QK/QKEOJ.png",
                    "large": "https://i5.peapod.com/c/B0/B0C2Q.png",
                    "xlarge": "https://i5.peapod.com/c/D7/D784C.png"
                },
                "bmsm": false,
                "bmsmTiers": [],
                "guidingStars": 0,
                "availableDisplayCoupons": [],
                "options": [],
                "suppressSwapAndSave": true,
                "productCategoryId": 5272,
                "aisle": "13",
                "pickStoreLocationId": "13B-020-007-006",
                "hasPriceAdjustment": false,
                "hasPickStoreLocation": true,
                "hasCoupon": false,
                "pickupLockerAvailable": true,
                "sustainabilityRating": 0,
                "isMarketplaceProduct": false,
                "ebtEligible": false,
                "variableWeight": false,
                "bottleDepositMap": {},
                "isAlcohol": false,
                "categories": [],
                "weightIncrement": 1.0,
                "weightedRegularPrice": 0.89,
                "boosted": false,
                "showStrikethrough": true,
                "advertiseOnSale": false
            },
            {
                "prodId": 6957,
                "name": "Friskies Pate Salmon Dinner Adult Wet Cat Food",
                "size": "5.5 OZ CAN",
                "unitPrice": 0.14,
                "unitMeasure": "OZ",
                "price": 0.79,
                "regularPrice": 0.79,
                "rootCatId": 1447,
                "rootCatSeq": 33,
                "rootCatName": "Pets",
                "rootCategoryTreeId": 2057,
                "upc": "5000042334",
                "hasSubstitute": false,
                "rating": 0.0,
                "ratingReviewsSuppressed": true,
                "marketSpecificReviews": false,
                "reviewId": "6957-PPDALL",
                "brandId": 199,
                "brand": "Friskies",
                "subcatId": 5272,
                "subcatName": "Wet Adult Cat Food",
                "flags": {
                    "sample": false,
                    "suppressed": false,
                    "active": true,
                    "outOfStock": false,
                    "specialCode": " ",
                    "upromise": false,
                    "newArrival": false,
                    "privateLabel": false,
                    "preferredItem": false,
                    "bogo": false,
                    "sale": false,
                    "lowPriceEveryday": false,
                    "organic": false,
                    "dairy": false,
                    "egg": false,
                    "gluten": false,
                    "kosher": false,
                    "peanut": false,
                    "nonGMO": false,
                    "vegan": false,
                    "vegetarian": false,
                    "lactoseFree": false,
                    "antibioticFree": false,
                    "wheatFree": false,
                    "hormoneFree": false,
                    "nitrateFree": false,
                    "nitriteFree": false,
                    "natural": false,
                    "longTermOutOfStock": false
                },
                "image": {
                    "small": "https://i5.peapod.com/c/B6/B6FTJ.png",
                    "medium": "https://i5.peapod.com/c/K6/K6OQC.png",
                    "large": "https://i5.peapod.com/c/L7/L71E9.png",
                    "xlarge": "https://i5.peapod.com/c/LR/LRVAN.png"
                },
                "bmsm": false,
                "bmsmTiers": [],
                "guidingStars": 0,
                "availableDisplayCoupons": [],
                "options": [],
                "suppressSwapAndSave": true,
                "productCategoryId": 5272,
                "aisle": "13",
                "pickStoreLocationId": "13B-020-006-001",
                "hasPriceAdjustment": false,
                "hasPickStoreLocation": true,
                "hasCoupon": false,
                "pickupLockerAvailable": true,
                "sustainabilityRating": 0,
                "isMarketplaceProduct": false,
                "ebtEligible": false,
                "variableWeight": false,
                "bottleDepositMap": {},
                "isAlcohol": false,
                "categories": [],
                "weightIncrement": 1.0,
                "weightedRegularPrice": 0.79,
                "boosted": false,
                "showStrikethrough": true,
                "advertiseOnSale": false
            },
            {
                "prodId": 2087,
                "name": "PEDIGREE Choice Cuts in Gravy with Beef Adult Wet Dog Food",
                "size": "13.2 OZ CAN",
                "unitPrice": 0.14,
                "unitMeasure": "OZ",
                "price": 1.80,
                "regularPrice": 2.09,
                "rootCatId": 1447,
                "rootCatSeq": 33,
                "rootCatName": "Pets",
                "rootCategoryTreeId": 2057,
                "upc": "2310001527",
                "hasSubstitute": false,
                "rating": 0.0,
                "ratingReviewsSuppressed": true,
                "marketSpecificReviews": false,
                "reviewId": "2087-PPDALL",
                "brandId": 322,
                "brand": "PEDIGREE",
                "subcatId": 5278,
                "subcatName": "Wet Adult Dog Food",
                "flags": {
                    "sample": false,
                    "suppressed": false,
                    "active": true,
                    "outOfStock": false,
                    "specialCode": "*",
                    "upromise": false,
                    "newArrival": false,
                    "privateLabel": false,
                    "preferredItem": false,
                    "bogo": false,
                    "sale": true,
                    "lowPriceEveryday": false,
                    "organic": false,
                    "dairy": false,
                    "egg": false,
                    "gluten": false,
                    "kosher": false,
                    "peanut": false,
                    "nonGMO": false,
                    "vegan": false,
                    "vegetarian": false,
                    "lactoseFree": false,
                    "antibioticFree": false,
                    "wheatFree": false,
                    "hormoneFree": false,
                    "nitrateFree": false,
                    "nitriteFree": false,
                    "natural": false,
                    "longTermOutOfStock": false
                },
                "image": {
                    "small": "https://i5.peapod.com/c/8R/8R67T.png",
                    "medium": "https://i5.peapod.com/c/NB/NB42Z.png",
                    "large": "https://i5.peapod.com/c/F6/F664A.png",
                    "xlarge": "https://i5.peapod.com/c/HS/HS30W.png"
                },
                "bmsm": false,
                "bmsmTiers": [],
                "guidingStars": 0,
                "availableDisplayCoupons": [],
                "options": [],
                "suppressSwapAndSave": true,
                "productCategoryId": 5278,
                "aisle": "13",
                "pickStoreLocationId": "13B-030-008-014",
                "saleMeta": {
                    "pricePoint": 1.8
                },
                "hasPriceAdjustment": true,
                "hasPickStoreLocation": true,
                "hasCoupon": false,
                "pickupLockerAvailable": true,
                "sustainabilityRating": 0,
                "isMarketplaceProduct": false,
                "ebtEligible": false,
                "variableWeight": false,
                "bottleDepositMap": {},
                "isAlcohol": false,
                "categories": [],
                "weightIncrement": 1.0,
                "weightedRegularPrice": 2.09,
                "boosted": false,
                "showStrikethrough": true,
                "advertiseOnSale": true
            },
            {
                "prodId": 34030,
                "name": "Fancy Feast Flaked Tuna Feast Wet Cat Food",
                "size": "3 OZ CAN",
                "unitPrice": 0.30,
                "unitMeasure": "OZ",
                "price": 0.89,
                "regularPrice": 0.89,
                "rootCatId": 1447,
                "rootCatSeq": 33,
                "rootCatName": "Pets",
                "rootCategoryTreeId": 2057,
                "upc": "5000000124",
                "hasSubstitute": false,
                "rating": 0.0,
                "ratingReviewsSuppressed": true,
                "marketSpecificReviews": false,
                "reviewId": "34030-PPDALL",
                "brandId": 325,
                "brand": "Fancy Feast",
                "subcatId": 5272,
                "subcatName": "Wet Adult Cat Food",
                "flags": {
                    "sample": false,
                    "suppressed": false,
                    "active": true,
                    "outOfStock": false,
                    "specialCode": " ",
                    "upromise": false,
                    "newArrival": false,
                    "privateLabel": false,
                    "preferredItem": false,
                    "bogo": false,
                    "sale": false,
                    "lowPriceEveryday": false,
                    "organic": false,
                    "dairy": false,
                    "egg": false,
                    "gluten": false,
                    "kosher": false,
                    "peanut": false,
                    "nonGMO": false,
                    "vegan": false,
                    "vegetarian": false,
                    "lactoseFree": false,
                    "antibioticFree": false,
                    "wheatFree": false,
                    "hormoneFree": false,
                    "nitrateFree": false,
                    "nitriteFree": false,
                    "natural": false,
                    "longTermOutOfStock": false
                },
                "image": {
                    "small": "https://i5.peapod.com/c/XR/XR4QV.png",
                    "medium": "https://i5.peapod.com/c/C2/C2SJD.png",
                    "large": "https://i5.peapod.com/c/QL/QL4EY.png",
                    "xlarge": "https://i5.peapod.com/c/86/864M3.png"
                },
                "bmsm": false,
                "bmsmTiers": [],
                "guidingStars": 0,
                "availableDisplayCoupons": [],
                "options": [],
                "suppressSwapAndSave": true,
                "productCategoryId": 5272,
                "aisle": "13",
                "pickStoreLocationId": "13B-020-004-007",
                "hasPriceAdjustment": false,
                "hasPickStoreLocation": true,
                "hasCoupon": false,
                "pickupLockerAvailable": true,
                "sustainabilityRating": 0,
                "isMarketplaceProduct": false,
                "ebtEligible": false,
                "variableWeight": false,
                "bottleDepositMap": {},
                "isAlcohol": false,
                "categories": [],
                "weightIncrement": 1.0,
                "weightedRegularPrice": 0.89,
                "boosted": false,
                "showStrikethrough": true,
                "advertiseOnSale": false
            },
            {
                "prodId": 107096,
                "name": "Friskies Shreds Turkey & Cheese Dinner in Gravy Adult Wet Cat Food",
                "size": "5.5 OZ CAN",
                "unitPrice": 0.14,
                "unitMeasure": "OZ",
                "price": 0.79,
                "regularPrice": 0.79,
                "rootCatId": 1447,
                "rootCatSeq": 33,
                "rootCatName": "Pets",
                "rootCategoryTreeId": 2057,
                "upc": "5000041220",
                "hasSubstitute": false,
                "rating": 0.0,
                "ratingReviewsSuppressed": true,
                "marketSpecificReviews": false,
                "reviewId": "107096-PPDALL",
                "brandId": 199,
                "brand": "Friskies",
                "subcatId": 5272,
                "subcatName": "Wet Adult Cat Food",
                "flags": {
                    "sample": false,
                    "suppressed": false,
                    "active": true,
                    "outOfStock": false,
                    "specialCode": " ",
                    "upromise": false,
                    "newArrival": false,
                    "privateLabel": false,
                    "preferredItem": false,
                    "bogo": false,
                    "sale": false,
                    "lowPriceEveryday": false,
                    "organic": false,
                    "dairy": false,
                    "egg": false,
                    "gluten": false,
                    "kosher": false,
                    "peanut": false,
                    "nonGMO": false,
                    "vegan": false,
                    "vegetarian": false,
                    "lactoseFree": false,
                    "antibioticFree": false,
                    "wheatFree": false,
                    "hormoneFree": false,
                    "nitrateFree": false,
                    "nitriteFree": false,
                    "natural": false,
                    "longTermOutOfStock": false
                },
                "image": {
                    "small": "https://i5.peapod.com/c/KV/KVOAG.png",
                    "medium": "https://i5.peapod.com/c/CU/CUXKW.png",
                    "large": "https://i5.peapod.com/c/BQ/BQFSD.png",
                    "xlarge": "https://i5.peapod.com/c/IY/IYTT3.png"
                },
                "bmsm": false,
                "bmsmTiers": [],
                "guidingStars": 0,
                "availableDisplayCoupons": [],
                "options": [],
                "suppressSwapAndSave": true,
                "productCategoryId": 5272,
                "aisle": "13",
                "pickStoreLocationId": "13B-022-005-007",
                "hasPriceAdjustment": false,
                "hasPickStoreLocation": true,
                "hasCoupon": false,
                "pickupLockerAvailable": true,
                "sustainabilityRating": 0,
                "isMarketplaceProduct": false,
                "ebtEligible": false,
                "variableWeight": false,
                "bottleDepositMap": {},
                "isAlcohol": false,
                "categories": [],
                "weightIncrement": 1.0,
                "weightedRegularPrice": 0.79,
                "boosted": false,
                "showStrikethrough": true,
                "advertiseOnSale": false
            },
            {
                "prodId": 6967,
                "name": "Fancy Feast Classic Pate Tender Liver & Chicken Feast Wet Cat Food",
                "size": "3 OZ CAN",
                "unitPrice": 0.30,
                "unitMeasure": "OZ",
                "price": 0.89,
                "regularPrice": 0.89,
                "rootCatId": 1447,
                "rootCatSeq": 33,
                "rootCatName": "Pets",
                "rootCategoryTreeId": 2057,
                "upc": "5000042904",
                "hasSubstitute": false,
                "rating": 0.0,
                "ratingReviewsSuppressed": true,
                "marketSpecificReviews": false,
                "reviewId": "6967-PPDALL",
                "brandId": 325,
                "brand": "Fancy Feast",
                "subcatId": 5272,
                "subcatName": "Wet Adult Cat Food",
                "flags": {
                    "sample": false,
                    "suppressed": false,
                    "active": true,
                    "outOfStock": false,
                    "specialCode": " ",
                    "upromise": false,
                    "newArrival": false,
                    "privateLabel": false,
                    "preferredItem": false,
                    "bogo": false,
                    "sale": false,
                    "lowPriceEveryday": false,
                    "organic": false,
                    "dairy": false,
                    "egg": false,
                    "gluten": false,
                    "kosher": false,
                    "peanut": false,
                    "nonGMO": false,
                    "vegan": false,
                    "vegetarian": false,
                    "lactoseFree": false,
                    "antibioticFree": false,
                    "wheatFree": false,
                    "hormoneFree": false,
                    "nitrateFree": false,
                    "nitriteFree": false,
                    "natural": false,
                    "longTermOutOfStock": false
                },
                "image": {
                    "small": "https://i5.peapod.com/c/BX/BXP6K.png",
                    "medium": "https://i5.peapod.com/c/KF/KF82S.png",
                    "large": "https://i5.peapod.com/c/0H/0H53K.png",
                    "xlarge": "https://i5.peapod.com/c/XO/XOCZY.png"
                },
                "bmsm": false,
                "bmsmTiers": [],
                "guidingStars": 0,
                "availableDisplayCoupons": [],
                "options": [],
                "suppressSwapAndSave": true,
                "productCategoryId": 5272,
                "aisle": "13",
                "pickStoreLocationId": "13B-020-006-004",
                "hasPriceAdjustment": false,
                "hasPickStoreLocation": true,
                "hasCoupon": false,
                "pickupLockerAvailable": true,
                "sustainabilityRating": 0,
                "isMarketplaceProduct": false,
                "ebtEligible": false,
                "variableWeight": false,
                "bottleDepositMap": {},
                "isAlcohol": false,
                "categories": [],
                "weightIncrement": 1.0,
                "weightedRegularPrice": 0.89,
                "boosted": false,
                "showStrikethrough": true,
                "advertiseOnSale": false
            },
            {
                "prodId": 109295,
                "name": "Friskies Shreds Chicken & Salmon Dinner in Gravy Adult Wet Cat Food",
                "size": "5.5 OZ CAN",
                "unitPrice": 0.14,
                "unitMeasure": "OZ",
                "price": 0.79,
                "regularPrice": 0.79,
                "rootCatId": 1447,
                "rootCatSeq": 33,
                "rootCatName": "Pets",
                "rootCategoryTreeId": 2057,
                "upc": "5000044569",
                "hasSubstitute": false,
                "rating": 0.0,
                "ratingReviewsSuppressed": true,
                "marketSpecificReviews": false,
                "reviewId": "109295-PPDALL",
                "brandId": 199,
                "brand": "Friskies",
                "subcatId": 5272,
                "subcatName": "Wet Adult Cat Food",
                "flags": {
                    "sample": false,
                    "suppressed": false,
                    "active": true,
                    "outOfStock": false,
                    "specialCode": " ",
                    "upromise": false,
                    "newArrival": false,
                    "privateLabel": false,
                    "preferredItem": false,
                    "bogo": false,
                    "sale": false,
                    "lowPriceEveryday": false,
                    "organic": false,
                    "dairy": false,
                    "egg": false,
                    "gluten": false,
                    "kosher": false,
                    "peanut": false,
                    "nonGMO": false,
                    "vegan": false,
                    "vegetarian": false,
                    "lactoseFree": false,
                    "antibioticFree": false,
                    "wheatFree": false,
                    "hormoneFree": false,
                    "nitrateFree": false,
                    "nitriteFree": false,
                    "natural": false,
                    "longTermOutOfStock": false
                },
                "image": {
                    "small": "https://i5.peapod.com/c/YO/YOKP5.png",
                    "medium": "https://i5.peapod.com/c/AQ/AQ791.png",
                    "large": "https://i5.peapod.com/c/SW/SWMEU.png",
                    "xlarge": "https://i5.peapod.com/c/CF/CFSBS.png"
                },
                "bmsm": false,
                "bmsmTiers": [],
                "guidingStars": 0,
                "availableDisplayCoupons": [],
                "options": [],
                "suppressSwapAndSave": true,
                "productCategoryId": 5272,
                "aisle": "13",
                "pickStoreLocationId": "13B-020-005-001",
                "hasPriceAdjustment": false,
                "hasPickStoreLocation": true,
                "hasCoupon": false,
                "pickupLockerAvailable": true,
                "sustainabilityRating": 0,
                "isMarketplaceProduct": false,
                "ebtEligible": false,
                "variableWeight": false,
                "bottleDepositMap": {},
                "isAlcohol": false,
                "categories": [],
                "weightIncrement": 1.0,
                "weightedRegularPrice": 0.79,
                "boosted": false,
                "showStrikethrough": true,
                "advertiseOnSale": false
            },
            {
                "prodId": 207239,
                "name": "Friskies Extra Gravy Chunky with Chicken in Gravy Adult Wet Cat Food",
                "size": "5.5 OZ CAN",
                "unitPrice": 0.14,
                "unitMeasure": "OZ",
                "price": 0.79,
                "regularPrice": 0.79,
                "rootCatId": 1447,
                "rootCatSeq": 33,
                "rootCatName": "Pets",
                "rootCategoryTreeId": 2057,
                "upc": "5000029329",
                "hasSubstitute": false,
                "rating": 0.0,
                "ratingReviewsSuppressed": true,
                "marketSpecificReviews": false,
                "reviewId": "207239-PPDALL",
                "brandId": 199,
                "brand": "Friskies",
                "subcatId": 5272,
                "subcatName": "Wet Adult Cat Food",
                "flags": {
                    "sample": false,
                    "suppressed": false,
                    "active": true,
                    "outOfStock": false,
                    "specialCode": " ",
                    "upromise": false,
                    "newArrival": false,
                    "privateLabel": false,
                    "preferredItem": false,
                    "bogo": false,
                    "sale": false,
                    "lowPriceEveryday": false,
                    "organic": false,
                    "dairy": false,
                    "egg": false,
                    "gluten": false,
                    "kosher": false,
                    "peanut": false,
                    "nonGMO": false,
                    "vegan": false,
                    "vegetarian": false,
                    "lactoseFree": false,
                    "antibioticFree": false,
                    "wheatFree": false,
                    "hormoneFree": false,
                    "nitrateFree": false,
                    "nitriteFree": false,
                    "natural": false,
                    "longTermOutOfStock": false
                },
                "image": {
                    "small": "https://i5.peapod.com/c/C1/C1TJP.png",
                    "medium": "https://i5.peapod.com/c/QU/QUG0Q.png",
                    "large": "https://i5.peapod.com/c/SM/SM6KH.png",
                    "xlarge": "https://i5.peapod.com/c/TT/TT0WQ.png"
                },
                "bmsm": false,
                "bmsmTiers": [],
                "guidingStars": 0,
                "availableDisplayCoupons": [],
                "options": [],
                "suppressSwapAndSave": true,
                "productCategoryId": 5272,
                "aisle": "13",
                "pickStoreLocationId": "13B-022-004-006",
                "hasPriceAdjustment": false,
                "hasPickStoreLocation": true,
                "hasCoupon": false,
                "pickupLockerAvailable": true,
                "sustainabilityRating": 0,
                "isMarketplaceProduct": false,
                "ebtEligible": false,
                "variableWeight": false,
                "bottleDepositMap": {},
                "isAlcohol": false,
                "categories": [],
                "weightIncrement": 1.0,
                "weightedRegularPrice": 0.79,
                "boosted": false,
                "showStrikethrough": true,
                "advertiseOnSale": false
            },
            {
                "prodId": 169554,
                "name": "Fancy Feast Classic Pate Salmon & Shrimp Feast Wet Cat Food",
                "size": "3 OZ CAN",
                "unitPrice": 0.30,
                "unitMeasure": "OZ",
                "price": 0.89,
                "regularPrice": 0.89,
                "rootCatId": 1447,
                "rootCatSeq": 33,
                "rootCatName": "Pets",
                "rootCategoryTreeId": 2057,
                "upc": "5000010386",
                "hasSubstitute": false,
                "rating": 0.0,
                "ratingReviewsSuppressed": true,
                "marketSpecificReviews": false,
                "reviewId": "169554-PPDALL",
                "brandId": 325,
                "brand": "Fancy Feast",
                "subcatId": 5272,
                "subcatName": "Wet Adult Cat Food",
                "flags": {
                    "sample": false,
                    "suppressed": false,
                    "active": true,
                    "outOfStock": false,
                    "specialCode": " ",
                    "upromise": false,
                    "newArrival": false,
                    "privateLabel": false,
                    "preferredItem": false,
                    "bogo": false,
                    "sale": false,
                    "lowPriceEveryday": false,
                    "organic": false,
                    "dairy": false,
                    "egg": false,
                    "gluten": false,
                    "kosher": false,
                    "peanut": false,
                    "nonGMO": false,
                    "vegan": false,
                    "vegetarian": false,
                    "lactoseFree": false,
                    "antibioticFree": false,
                    "wheatFree": false,
                    "hormoneFree": false,
                    "nitrateFree": false,
                    "nitriteFree": false,
                    "natural": false,
                    "longTermOutOfStock": false
                },
                "image": {
                    "small": "https://i5.peapod.com/c/7W/7WGGV.png",
                    "medium": "https://i5.peapod.com/c/M5/M5O14.png",
                    "large": "https://i5.peapod.com/c/VB/VBN44.png",
                    "xlarge": "https://i5.peapod.com/c/VF/VF572.png"
                },
                "bmsm": false,
                "bmsmTiers": [],
                "guidingStars": 0,
                "availableDisplayCoupons": [],
                "options": [],
                "suppressSwapAndSave": true,
                "productCategoryId": 5272,
                "aisle": "13",
                "pickStoreLocationId": "13B-020-006-010",
                "hasPriceAdjustment": false,
                "hasPickStoreLocation": true,
                "hasCoupon": false,
                "pickupLockerAvailable": true,
                "sustainabilityRating": 0,
                "isMarketplaceProduct": false,
                "ebtEligible": false,
                "variableWeight": false,
                "bottleDepositMap": {},
                "isAlcohol": false,
                "categories": [],
                "weightIncrement": 1.0,
                "weightedRegularPrice": 0.89,
                "boosted": false,
                "showStrikethrough": true,
                "advertiseOnSale": false
            },
            {
                "prodId": 6969,
                "name": "Fancy Feast Classic Pate Chopped Grill Feast Wet Cat Food",
                "size": "3 OZ CAN",
                "unitPrice": 0.30,
                "unitMeasure": "OZ",
                "price": 0.89,
                "regularPrice": 0.89,
                "rootCatId": 1447,
                "rootCatSeq": 33,
                "rootCatName": "Pets",
                "rootCategoryTreeId": 2057,
                "upc": "5000042924",
                "hasSubstitute": false,
                "rating": 0.0,
                "ratingReviewsSuppressed": true,
                "marketSpecificReviews": false,
                "reviewId": "6969-PPDALL",
                "brandId": 325,
                "brand": "Fancy Feast",
                "subcatId": 5272,
                "subcatName": "Wet Adult Cat Food",
                "flags": {
                    "sample": false,
                    "suppressed": false,
                    "active": true,
                    "outOfStock": false,
                    "specialCode": " ",
                    "upromise": false,
                    "newArrival": false,
                    "privateLabel": false,
                    "preferredItem": false,
                    "bogo": false,
                    "sale": false,
                    "lowPriceEveryday": false,
                    "organic": false,
                    "dairy": false,
                    "egg": false,
                    "gluten": false,
                    "kosher": false,
                    "peanut": false,
                    "nonGMO": false,
                    "vegan": false,
                    "vegetarian": false,
                    "lactoseFree": false,
                    "antibioticFree": false,
                    "wheatFree": false,
                    "hormoneFree": false,
                    "nitrateFree": false,
                    "nitriteFree": false,
                    "natural": false,
                    "longTermOutOfStock": false
                },
                "image": {
                    "small": "https://i5.peapod.com/c/ZN/ZN3TB.png",
                    "medium": "https://i5.peapod.com/c/1K/1KRPA.png",
                    "large": "https://i5.peapod.com/c/ML/MLE1J.png",
                    "xlarge": "https://i5.peapod.com/c/D5/D593Y.png"
                },
                "bmsm": false,
                "bmsmTiers": [],
                "guidingStars": 0,
                "availableDisplayCoupons": [],
                "options": [],
                "suppressSwapAndSave": true,
                "productCategoryId": 5272,
                "aisle": "13",
                "pickStoreLocationId": "13B-020-006-008",
                "hasPriceAdjustment": false,
                "hasPickStoreLocation": true,
                "hasCoupon": false,
                "pickupLockerAvailable": true,
                "sustainabilityRating": 0,
                "isMarketplaceProduct": false,
                "ebtEligible": false,
                "variableWeight": false,
                "bottleDepositMap": {},
                "isAlcohol": false,
                "categories": [],
                "weightIncrement": 1.0,
                "weightedRegularPrice": 0.89,
                "boosted": false,
                "showStrikethrough": true,
                "advertiseOnSale": false
            },
            {
                "prodId": 6972,
                "name": "Fancy Feast Classic Pate Tender Beef Feast Wet Cat Food",
                "size": "3 OZ CAN",
                "unitPrice": 0.30,
                "unitMeasure": "OZ",
                "price": 0.89,
                "regularPrice": 0.89,
                "rootCatId": 1447,
                "rootCatSeq": 33,
                "rootCatName": "Pets",
                "rootCategoryTreeId": 2057,
                "upc": "5000042954",
                "hasSubstitute": false,
                "rating": 0.0,
                "ratingReviewsSuppressed": true,
                "marketSpecificReviews": false,
                "reviewId": "6972-PPDALL",
                "brandId": 325,
                "brand": "Fancy Feast",
                "subcatId": 5272,
                "subcatName": "Wet Adult Cat Food",
                "flags": {
                    "sample": false,
                    "suppressed": false,
                    "active": true,
                    "outOfStock": false,
                    "specialCode": " ",
                    "upromise": false,
                    "newArrival": false,
                    "privateLabel": false,
                    "preferredItem": false,
                    "bogo": false,
                    "sale": false,
                    "lowPriceEveryday": false,
                    "organic": false,
                    "dairy": false,
                    "egg": false,
                    "gluten": false,
                    "kosher": false,
                    "peanut": false,
                    "nonGMO": false,
                    "vegan": false,
                    "vegetarian": false,
                    "lactoseFree": false,
                    "antibioticFree": false,
                    "wheatFree": false,
                    "hormoneFree": false,
                    "nitrateFree": false,
                    "nitriteFree": false,
                    "natural": false,
                    "longTermOutOfStock": false
                },
                "image": {
                    "small": "https://i5.peapod.com/c/OL/OLYGY.png",
                    "medium": "https://i5.peapod.com/c/ZQ/ZQX9W.png",
                    "large": "https://i5.peapod.com/c/H1/H1WT6.png",
                    "xlarge": "https://i5.peapod.com/c/G6/G62K5.png"
                },
                "bmsm": false,
                "bmsmTiers": [],
                "guidingStars": 0,
                "availableDisplayCoupons": [],
                "options": [],
                "suppressSwapAndSave": true,
                "productCategoryId": 5272,
                "aisle": "13",
                "pickStoreLocationId": "13B-020-006-006",
                "hasPriceAdjustment": false,
                "hasPickStoreLocation": true,
                "hasCoupon": false,
                "pickupLockerAvailable": true,
                "sustainabilityRating": 0,
                "isMarketplaceProduct": false,
                "ebtEligible": false,
                "variableWeight": false,
                "bottleDepositMap": {},
                "isAlcohol": false,
                "categories": [],
                "weightIncrement": 1.0,
                "weightedRegularPrice": 0.89,
                "boosted": false,
                "showStrikethrough": true,
                "advertiseOnSale": false
            },
            {
                "prodId": 137064,
                "name": "Purina Frosty Paws Peanut Butter Flavor Frozen Dog Treats - 4 ct",
                "size": "13 OZ BOX",
                "unitPrice": 0.38,
                "unitMeasure": "OZ",
                "price": 4.89,
                "regularPrice": 5.99,
                "rootCatId": 1447,
                "rootCatSeq": 33,
                "rootCatName": "Pets",
                "rootCategoryTreeId": 2057,
                "upc": "7255411018",
                "hasSubstitute": false,
                "rating": 0.0,
                "ratingReviewsSuppressed": true,
                "marketSpecificReviews": false,
                "reviewId": "137064-PPDALL",
                "brandId": 1373,
                "brand": "Purina Frosty Paws",
                "subcatId": 3959,
                "subcatName": "Frozen Dog Treats",
                "flags": {
                    "sample": false,
                    "suppressed": false,
                    "active": true,
                    "outOfStock": false,
                    "specialCode": "*",
                    "upromise": false,
                    "newArrival": false,
                    "privateLabel": false,
                    "preferredItem": false,
                    "bogo": false,
                    "sale": true,
                    "lowPriceEveryday": false,
                    "organic": false,
                    "dairy": false,
                    "egg": false,
                    "gluten": false,
                    "kosher": false,
                    "peanut": false,
                    "nonGMO": false,
                    "vegan": false,
                    "vegetarian": false,
                    "lactoseFree": false,
                    "antibioticFree": false,
                    "wheatFree": false,
                    "hormoneFree": false,
                    "nitrateFree": false,
                    "nitriteFree": false,
                    "natural": false,
                    "longTermOutOfStock": false
                },
                "image": {
                    "small": "https://i5.peapod.com/c/UV/UVFJI.png",
                    "medium": "https://i5.peapod.com/c/XC/XC6EP.png",
                    "large": "https://i5.peapod.com/c/PP/PPZ8G.png",
                    "xlarge": "https://i5.peapod.com/c/AR/ARQUV.png"
                },
                "bmsm": false,
                "bmsmTiers": [],
                "guidingStars": 0,
                "coupon": {
                    "id": "ECI_1147379",
                    "name": "Ice Cream Offer",
                    "description": "On select ice cream items.",
                    "title": "Buy 5, save $5 online only",
                    "startDate": "2025-05-30",
                    "endDate": "2025-06-05",
                    "maxDiscount": 5.0,
                    "displayPriority": 1.0,
                    "clippingRequired": false,
                    "targeted": false,
                    "sourceSystem": "ECI",
                    "sourceSystemId": "1147379",
                    "badgeId": null,
                    "loaded": false,
                    "promotionType": "Item",
                    "multiQty": false
                },
                "availableDisplayCoupons": [
                    {
                        "id": "ECI_1147379",
                        "name": "Ice Cream Offer",
                        "description": "On select ice cream items.",
                        "title": "Buy 5, save $5 online only",
                        "startDate": "2025-05-30",
                        "endDate": "2025-06-05",
                        "maxDiscount": 5.0,
                        "displayPriority": 1.0,
                        "clippingRequired": false,
                        "targeted": false,
                        "sourceSystem": "ECI",
                        "sourceSystemId": "1147379",
                        "badgeId": null,
                        "loaded": false,
                        "promotionType": "Item",
                        "multiQty": false
                    }
                ],
                "options": [],
                "suppressSwapAndSave": true,
                "productCategoryId": 3959,
                "aisle": "12",
                "pickStoreLocationId": "12B-052-001-001",
                "saleMeta": {
                    "pricePoint": 4.89
                },
                "hasPriceAdjustment": true,
                "hasPickStoreLocation": true,
                "hasCoupon": true,
                "pickupLockerAvailable": true,
                "sustainabilityRating": 0,
                "isMarketplaceProduct": false,
                "ebtEligible": false,
                "variableWeight": false,
                "bottleDepositMap": {},
                "isAlcohol": false,
                "categories": [],
                "weightIncrement": 1.0,
                "weightedRegularPrice": 5.99,
                "boosted": false,
                "showStrikethrough": true,
                "advertiseOnSale": true
            },
            {
                "prodId": 6974,
                "name": "Fancy Feast Classic Pate Tender Beef & Chicken Feast Wet Cat Food",
                "size": "3 OZ CAN",
                "unitPrice": 0.30,
                "unitMeasure": "OZ",
                "price": 0.89,
                "regularPrice": 0.89,
                "rootCatId": 1447,
                "rootCatSeq": 33,
                "rootCatName": "Pets",
                "rootCategoryTreeId": 2057,
                "upc": "5000042974",
                "hasSubstitute": false,
                "rating": 0.0,
                "ratingReviewsSuppressed": true,
                "marketSpecificReviews": false,
                "reviewId": "6974-PPDALL",
                "brandId": 325,
                "brand": "Fancy Feast",
                "subcatId": 5272,
                "subcatName": "Wet Adult Cat Food",
                "flags": {
                    "sample": false,
                    "suppressed": false,
                    "active": true,
                    "outOfStock": false,
                    "specialCode": " ",
                    "upromise": false,
                    "newArrival": false,
                    "privateLabel": false,
                    "preferredItem": false,
                    "bogo": false,
                    "sale": false,
                    "lowPriceEveryday": false,
                    "organic": false,
                    "dairy": false,
                    "egg": false,
                    "gluten": false,
                    "kosher": false,
                    "peanut": false,
                    "nonGMO": false,
                    "vegan": false,
                    "vegetarian": false,
                    "lactoseFree": false,
                    "antibioticFree": false,
                    "wheatFree": false,
                    "hormoneFree": false,
                    "nitrateFree": false,
                    "nitriteFree": false,
                    "natural": false,
                    "longTermOutOfStock": false
                },
                "image": {
                    "small": "https://i5.peapod.com/c/0X/0XIR6.png",
                    "medium": "https://i5.peapod.com/c/R9/R9SNK.png",
                    "large": "https://i5.peapod.com/c/77/77ENO.png",
                    "xlarge": "https://i5.peapod.com/c/DZ/DZKMR.png"
                },
                "bmsm": false,
                "bmsmTiers": [],
                "guidingStars": 0,
                "availableDisplayCoupons": [],
                "options": [],
                "suppressSwapAndSave": true,
                "productCategoryId": 5272,
                "aisle": "13",
                "pickStoreLocationId": "13B-020-006-005",
                "hasPriceAdjustment": false,
                "hasPickStoreLocation": true,
                "hasCoupon": false,
                "pickupLockerAvailable": true,
                "sustainabilityRating": 0,
                "isMarketplaceProduct": false,
                "ebtEligible": false,
                "variableWeight": false,
                "bottleDepositMap": {},
                "isAlcohol": false,
                "categories": [],
                "weightIncrement": 1.0,
                "weightedRegularPrice": 0.89,
                "boosted": false,
                "showStrikethrough": true,
                "advertiseOnSale": false
            },
            {
                "prodId": 160610,
                "name": "Friskies Shreds Salmon in Sauce Adult Wet Cat Food",
                "size": "5.5 OZ CAN",
                "unitPrice": 0.14,
                "unitMeasure": "OZ",
                "price": 0.79,
                "regularPrice": 0.79,
                "rootCatId": 1447,
                "rootCatSeq": 33,
                "rootCatName": "Pets",
                "rootCategoryTreeId": 2057,
                "upc": "5000057201",
                "hasSubstitute": false,
                "rating": 0.0,
                "ratingReviewsSuppressed": true,
                "marketSpecificReviews": false,
                "reviewId": "160610-PPDALL",
                "brandId": 199,
                "brand": "Friskies",
                "subcatId": 5272,
                "subcatName": "Wet Adult Cat Food",
                "flags": {
                    "sample": false,
                    "suppressed": false,
                    "active": true,
                    "outOfStock": false,
                    "specialCode": " ",
                    "upromise": false,
                    "newArrival": false,
                    "privateLabel": false,
                    "preferredItem": false,
                    "bogo": false,
                    "sale": false,
                    "lowPriceEveryday": false,
                    "organic": false,
                    "dairy": false,
                    "egg": false,
                    "gluten": false,
                    "kosher": false,
                    "peanut": false,
                    "nonGMO": false,
                    "vegan": false,
                    "vegetarian": false,
                    "lactoseFree": false,
                    "antibioticFree": false,
                    "wheatFree": false,
                    "hormoneFree": false,
                    "nitrateFree": false,
                    "nitriteFree": false,
                    "natural": false,
                    "longTermOutOfStock": false
                },
                "image": {
                    "small": "https://i5.peapod.com/c/I2/I2JP9.png",
                    "medium": "https://i5.peapod.com/c/6M/6MF7O.png",
                    "large": "https://i5.peapod.com/c/82/824WF.png",
                    "xlarge": "https://i5.peapod.com/c/L1/L1S2J.png"
                },
                "bmsm": false,
                "bmsmTiers": [],
                "guidingStars": 0,
                "availableDisplayCoupons": [],
                "options": [],
                "suppressSwapAndSave": true,
                "productCategoryId": 5272,
                "aisle": "13",
                "pickStoreLocationId": "13B-022-005-004",
                "hasPriceAdjustment": false,
                "hasPickStoreLocation": true,
                "hasCoupon": false,
                "pickupLockerAvailable": true,
                "sustainabilityRating": 0,
                "isMarketplaceProduct": false,
                "ebtEligible": false,
                "variableWeight": false,
                "bottleDepositMap": {},
                "isAlcohol": false,
                "categories": [],
                "weightIncrement": 1.0,
                "weightedRegularPrice": 0.79,
                "boosted": false,
                "showStrikethrough": true,
                "advertiseOnSale": false
            },
            {
                "prodId": 20873,
                "name": "Fancy Feast Chunky Chicken Feast Wet Cat Food",
                "size": "3 OZ CAN",
                "unitPrice": 0.30,
                "unitMeasure": "OZ",
                "price": 0.89,
                "regularPrice": 0.89,
                "rootCatId": 1447,
                "rootCatSeq": 33,
                "rootCatName": "Pets",
                "rootCategoryTreeId": 2057,
                "upc": "5000042694",
                "hasSubstitute": false,
                "rating": 0.0,
                "ratingReviewsSuppressed": true,
                "marketSpecificReviews": false,
                "reviewId": "20873-PPDALL",
                "brandId": 325,
                "brand": "Fancy Feast",
                "subcatId": 5272,
                "subcatName": "Wet Adult Cat Food",
                "flags": {
                    "sample": false,
                    "suppressed": false,
                    "active": false,
                    "outOfStock": true,
                    "specialCode": " ",
                    "upromise": false,
                    "newArrival": false,
                    "privateLabel": false,
                    "preferredItem": false,
                    "bogo": false,
                    "sale": false,
                    "lowPriceEveryday": false,
                    "organic": false,
                    "dairy": false,
                    "egg": false,
                    "gluten": false,
                    "kosher": false,
                    "peanut": false,
                    "nonGMO": false,
                    "vegan": false,
                    "vegetarian": false,
                    "lactoseFree": false,
                    "antibioticFree": false,
                    "wheatFree": false,
                    "hormoneFree": false,
                    "nitrateFree": false,
                    "nitriteFree": false,
                    "natural": false,
                    "longTermOutOfStock": false
                },
                "image": {
                    "small": "https://i5.peapod.com/c/65/65VR0.png",
                    "medium": "https://i5.peapod.com/c/3L/3LXX1.png",
                    "large": "https://i5.peapod.com/c/W3/W33AB.png",
                    "xlarge": "https://i5.peapod.com/c/44/44853.png"
                },
                "bmsm": false,
                "bmsmTiers": [],
                "guidingStars": 0,
                "availableDisplayCoupons": [],
                "options": [],
                "suppressSwapAndSave": true,
                "productCategoryId": 5272,
                "aisle": "13",
                "pickStoreLocationId": "13B-020-004-002",
                "hasPriceAdjustment": false,
                "hasPickStoreLocation": true,
                "hasCoupon": false,
                "pickupLockerAvailable": true,
                "sustainabilityRating": 0,
                "isMarketplaceProduct": false,
                "ebtEligible": false,
                "variableWeight": false,
                "bottleDepositMap": {},
                "isAlcohol": false,
                "categories": [],
                "weightIncrement": 1.0,
                "weightedRegularPrice": 0.89,
                "boosted": false,
                "showStrikethrough": true,
                "advertiseOnSale": false
            },
            {
                "prodId": 175147,
                "name": "Fancy Feast Gravy Lovers Turkey Feast in Gravy Wet Cat Food",
                "size": "3 OZ CAN",
                "unitPrice": 0.30,
                "unitMeasure": "OZ",
                "price": 0.89,
                "regularPrice": 0.89,
                "rootCatId": 1447,
                "rootCatSeq": 33,
                "rootCatName": "Pets",
                "rootCategoryTreeId": 2057,
                "upc": "5000058004",
                "hasSubstitute": false,
                "rating": 0.0,
                "ratingReviewsSuppressed": true,
                "marketSpecificReviews": false,
                "reviewId": "175147-PPDALL",
                "brandId": 325,
                "brand": "Fancy Feast",
                "subcatId": 5272,
                "subcatName": "Wet Adult Cat Food",
                "flags": {
                    "sample": false,
                    "suppressed": false,
                    "active": true,
                    "outOfStock": false,
                    "specialCode": " ",
                    "upromise": false,
                    "newArrival": false,
                    "privateLabel": false,
                    "preferredItem": false,
                    "bogo": false,
                    "sale": false,
                    "lowPriceEveryday": false,
                    "organic": false,
                    "dairy": false,
                    "egg": false,
                    "gluten": false,
                    "kosher": false,
                    "peanut": false,
                    "nonGMO": false,
                    "vegan": false,
                    "vegetarian": false,
                    "lactoseFree": false,
                    "antibioticFree": false,
                    "wheatFree": false,
                    "hormoneFree": false,
                    "nitrateFree": false,
                    "nitriteFree": false,
                    "natural": false,
                    "longTermOutOfStock": false
                },
                "image": {
                    "small": "https://i5.peapod.com/c/EK/EKBHW.png",
                    "medium": "https://i5.peapod.com/c/46/464IU.png",
                    "large": "https://i5.peapod.com/c/C7/C7KC7.png",
                    "xlarge": "https://i5.peapod.com/c/55/554WO.png"
                },
                "bmsm": false,
                "bmsmTiers": [],
                "guidingStars": 0,
                "availableDisplayCoupons": [],
                "options": [],
                "suppressSwapAndSave": true,
                "productCategoryId": 5272,
                "aisle": "13",
                "pickStoreLocationId": "13B-020-005-007",
                "hasPriceAdjustment": false,
                "hasPickStoreLocation": true,
                "hasCoupon": false,
                "pickupLockerAvailable": true,
                "sustainabilityRating": 0,
                "isMarketplaceProduct": false,
                "ebtEligible": false,
                "variableWeight": false,
                "bottleDepositMap": {},
                "isAlcohol": false,
                "categories": [],
                "weightIncrement": 1.0,
                "weightedRegularPrice": 0.89,
                "boosted": false,
                "showStrikethrough": true,
                "advertiseOnSale": false
            },
            {
                "prodId": 75107,
                "name": "PEDIGREE Chopped Ground Dinner Chicken & Rice Adult Wet Dog Food",
                "size": "13.2 OZ CAN",
                "unitPrice": 0.14,
                "unitMeasure": "OZ",
                "price": 1.80,
                "regularPrice": 2.09,
                "rootCatId": 1447,
                "rootCatSeq": 33,
                "rootCatName": "Pets",
                "rootCategoryTreeId": 2057,
                "upc": "2310001907",
                "hasSubstitute": false,
                "rating": 0.0,
                "ratingReviewsSuppressed": true,
                "marketSpecificReviews": false,
                "reviewId": "75107-PPDALL",
                "brandId": 322,
                "brand": "PEDIGREE",
                "subcatId": 5278,
                "subcatName": "Wet Adult Dog Food",
                "flags": {
                    "sample": false,
                    "suppressed": false,
                    "active": true,
                    "outOfStock": false,
                    "specialCode": "*",
                    "upromise": false,
                    "newArrival": false,
                    "privateLabel": false,
                    "preferredItem": false,
                    "bogo": false,
                    "sale": true,
                    "lowPriceEveryday": false,
                    "organic": false,
                    "dairy": false,
                    "egg": false,
                    "gluten": false,
                    "kosher": false,
                    "peanut": false,
                    "nonGMO": false,
                    "vegan": false,
                    "vegetarian": false,
                    "lactoseFree": false,
                    "antibioticFree": false,
                    "wheatFree": false,
                    "hormoneFree": false,
                    "nitrateFree": false,
                    "nitriteFree": false,
                    "natural": false,
                    "longTermOutOfStock": false
                },
                "image": {
                    "small": "https://i5.peapod.com/c/XA/XAARH.png",
                    "medium": "https://i5.peapod.com/c/EE/EE9OT.png",
                    "large": "https://i5.peapod.com/c/6G/6GSYS.png",
                    "xlarge": "https://i5.peapod.com/c/TT/TTE5T.png"
                },
                "bmsm": false,
                "bmsmTiers": [],
                "guidingStars": 0,
                "availableDisplayCoupons": [],
                "options": [],
                "suppressSwapAndSave": true,
                "productCategoryId": 5278,
                "aisle": "13",
                "pickStoreLocationId": "13B-030-007-010",
                "saleMeta": {
                    "pricePoint": 1.8
                },
                "hasPriceAdjustment": true,
                "hasPickStoreLocation": true,
                "hasCoupon": false,
                "pickupLockerAvailable": true,
                "sustainabilityRating": 0,
                "isMarketplaceProduct": false,
                "ebtEligible": false,
                "variableWeight": false,
                "bottleDepositMap": {},
                "isAlcohol": false,
                "categories": [],
                "weightIncrement": 1.0,
                "weightedRegularPrice": 2.09,
                "boosted": false,
                "showStrikethrough": true,
                "advertiseOnSale": true
            },
            {
                "prodId": 6975,
                "name": "Fancy Feast Classic Pate Turkey & Giblets Feast Wet Cat Food",
                "size": "3 OZ CAN",
                "unitPrice": 0.30,
                "unitMeasure": "OZ",
                "price": 0.89,
                "regularPrice": 0.89,
                "rootCatId": 1447,
                "rootCatSeq": 33,
                "rootCatName": "Pets",
                "rootCategoryTreeId": 2057,
                "upc": "5000042984",
                "hasSubstitute": false,
                "rating": 0.0,
                "ratingReviewsSuppressed": true,
                "marketSpecificReviews": false,
                "reviewId": "6975-PPDALL",
                "brandId": 325,
                "brand": "Fancy Feast",
                "subcatId": 5272,
                "subcatName": "Wet Adult Cat Food",
                "flags": {
                    "sample": false,
                    "suppressed": false,
                    "active": false,
                    "outOfStock": true,
                    "specialCode": " ",
                    "upromise": false,
                    "newArrival": false,
                    "privateLabel": false,
                    "preferredItem": false,
                    "bogo": false,
                    "sale": false,
                    "lowPriceEveryday": false,
                    "organic": false,
                    "dairy": false,
                    "egg": false,
                    "gluten": false,
                    "kosher": false,
                    "peanut": false,
                    "nonGMO": false,
                    "vegan": false,
                    "vegetarian": false,
                    "lactoseFree": false,
                    "antibioticFree": false,
                    "wheatFree": false,
                    "hormoneFree": false,
                    "nitrateFree": false,
                    "nitriteFree": false,
                    "natural": false,
                    "longTermOutOfStock": false
                },
                "image": {
                    "small": "https://i5.peapod.com/c/Y5/Y5072.png",
                    "medium": "https://i5.peapod.com/c/89/89FRL.png",
                    "large": "https://i5.peapod.com/c/RY/RYWIB.png",
                    "xlarge": "https://i5.peapod.com/c/OY/OYEX5.png"
                },
                "bmsm": false,
                "bmsmTiers": [],
                "guidingStars": 0,
                "availableDisplayCoupons": [],
                "options": [],
                "suppressSwapAndSave": true,
                "productCategoryId": 5272,
                "aisle": "13",
                "pickStoreLocationId": "13B-020-006-002",
                "hasPriceAdjustment": false,
                "hasPickStoreLocation": true,
                "hasCoupon": false,
                "pickupLockerAvailable": true,
                "sustainabilityRating": 0,
                "isMarketplaceProduct": false,
                "ebtEligible": false,
                "variableWeight": false,
                "bottleDepositMap": {},
                "isAlcohol": false,
                "categories": [],
                "weightIncrement": 1.0,
                "weightedRegularPrice": 0.89,
                "boosted": false,
                "showStrikethrough": true,
                "advertiseOnSale": false
            },
            {
                "prodId": 207232,
                "name": "Fancy Feast Gravy Lovers Chicken Hearts & Liver Feast Wet Cat Food",
                "size": "3 OZ CAN",
                "unitPrice": 0.30,
                "unitMeasure": "OZ",
                "price": 0.89,
                "regularPrice": 0.89,
                "rootCatId": 1447,
                "rootCatSeq": 33,
                "rootCatName": "Pets",
                "rootCategoryTreeId": 2057,
                "upc": "5000029261",
                "hasSubstitute": false,
                "rating": 0.0,
                "ratingReviewsSuppressed": true,
                "marketSpecificReviews": false,
                "reviewId": "207232-PPDALL",
                "brandId": 325,
                "brand": "Fancy Feast",
                "subcatId": 5272,
                "subcatName": "Wet Adult Cat Food",
                "flags": {
                    "sample": false,
                    "suppressed": false,
                    "active": true,
                    "outOfStock": false,
                    "specialCode": " ",
                    "upromise": false,
                    "newArrival": false,
                    "privateLabel": false,
                    "preferredItem": false,
                    "bogo": false,
                    "sale": false,
                    "lowPriceEveryday": false,
                    "organic": false,
                    "dairy": false,
                    "egg": false,
                    "gluten": false,
                    "kosher": false,
                    "peanut": false,
                    "nonGMO": false,
                    "vegan": false,
                    "vegetarian": false,
                    "lactoseFree": false,
                    "antibioticFree": false,
                    "wheatFree": false,
                    "hormoneFree": false,
                    "nitrateFree": false,
                    "nitriteFree": false,
                    "natural": false,
                    "longTermOutOfStock": false
                },
                "image": {
                    "small": "https://i5.peapod.com/c/XI/XINHH.png",
                    "medium": "https://i5.peapod.com/c/X5/X5MIO.png",
                    "large": "https://i5.peapod.com/c/21/21KY3.png",
                    "xlarge": "https://i5.peapod.com/c/RY/RYZY8.png"
                },
                "bmsm": false,
                "bmsmTiers": [],
                "guidingStars": 0,
                "availableDisplayCoupons": [],
                "options": [],
                "suppressSwapAndSave": true,
                "productCategoryId": 5272,
                "aisle": "13",
                "pickStoreLocationId": "13B-020-005-005",
                "hasPriceAdjustment": false,
                "hasPickStoreLocation": true,
                "hasCoupon": false,
                "pickupLockerAvailable": true,
                "sustainabilityRating": 0,
                "isMarketplaceProduct": false,
                "ebtEligible": false,
                "variableWeight": false,
                "bottleDepositMap": {},
                "isAlcohol": false,
                "categories": [],
                "weightIncrement": 1.0,
                "weightedRegularPrice": 0.89,
                "boosted": false,
                "showStrikethrough": true,
                "advertiseOnSale": false
            },
            {
                "prodId": 164903,
                "name": "Fancy Feast Gravy Lovers Beef Feast in Gravy Wet Cat Food",
                "size": "3 OZ CAN",
                "unitPrice": 0.30,
                "unitMeasure": "OZ",
                "price": 0.89,
                "regularPrice": 0.89,
                "rootCatId": 1447,
                "rootCatSeq": 33,
                "rootCatName": "Pets",
                "rootCategoryTreeId": 2057,
                "upc": "5000057847",
                "hasSubstitute": false,
                "rating": 0.0,
                "ratingReviewsSuppressed": true,
                "marketSpecificReviews": false,
                "reviewId": "164903-PPDALL",
                "brandId": 325,
                "brand": "Fancy Feast",
                "subcatId": 5272,
                "subcatName": "Wet Adult Cat Food",
                "flags": {
                    "sample": false,
                    "suppressed": false,
                    "active": true,
                    "outOfStock": false,
                    "specialCode": " ",
                    "upromise": false,
                    "newArrival": false,
                    "privateLabel": false,
                    "preferredItem": false,
                    "bogo": false,
                    "sale": false,
                    "lowPriceEveryday": false,
                    "organic": false,
                    "dairy": false,
                    "egg": false,
                    "gluten": false,
                    "kosher": false,
                    "peanut": false,
                    "nonGMO": false,
                    "vegan": false,
                    "vegetarian": false,
                    "lactoseFree": false,
                    "antibioticFree": false,
                    "wheatFree": false,
                    "hormoneFree": false,
                    "nitrateFree": false,
                    "nitriteFree": false,
                    "natural": false,
                    "longTermOutOfStock": false
                },
                "image": {
                    "small": "https://i5.peapod.com/c/WC/WCOGO.png",
                    "medium": "https://i5.peapod.com/c/GT/GTNKF.png",
                    "large": "https://i5.peapod.com/c/ND/ND6PB.png",
                    "xlarge": "https://i5.peapod.com/c/XR/XRQQV.png"
                },
                "bmsm": false,
                "bmsmTiers": [],
                "guidingStars": 0,
                "availableDisplayCoupons": [],
                "options": [],
                "suppressSwapAndSave": true,
                "productCategoryId": 5272,
                "aisle": "13",
                "pickStoreLocationId": "13B-020-005-009",
                "hasPriceAdjustment": false,
                "hasPickStoreLocation": true,
                "hasCoupon": false,
                "pickupLockerAvailable": true,
                "sustainabilityRating": 0,
                "isMarketplaceProduct": false,
                "ebtEligible": false,
                "variableWeight": false,
                "bottleDepositMap": {},
                "isAlcohol": false,
                "categories": [],
                "weightIncrement": 1.0,
                "weightedRegularPrice": 0.89,
                "boosted": false,
                "showStrikethrough": true,
                "advertiseOnSale": false
            },
            {
                "prodId": 277226,
                "name": "Fancy Feast Appetizers Cat Complement Wild Alaskan Salmon",
                "size": "1.1 OZ PKG",
                "unitPrice": 1.16,
                "unitMeasure": "OZ",
                "price": 1.28,
                "regularPrice": 1.39,
                "rootCatId": 1447,
                "rootCatSeq": 33,
                "rootCatName": "Pets",
                "rootCategoryTreeId": 2057,
                "upc": "5000000131",
                "hasSubstitute": false,
                "rating": 0.0,
                "ratingReviewsSuppressed": true,
                "marketSpecificReviews": false,
                "reviewId": "277226-PPDALL",
                "brandId": 325,
                "brand": "Fancy Feast",
                "subcatId": 5259,
                "subcatName": "Cat Food Complement & Toppers",
                "flags": {
                    "sample": false,
                    "suppressed": false,
                    "active": false,
                    "outOfStock": true,
                    "specialCode": "*",
                    "upromise": false,
                    "newArrival": false,
                    "privateLabel": false,
                    "preferredItem": false,
                    "bogo": false,
                    "sale": true,
                    "lowPriceEveryday": false,
                    "organic": false,
                    "dairy": false,
                    "egg": false,
                    "gluten": false,
                    "kosher": false,
                    "peanut": false,
                    "nonGMO": false,
                    "vegan": false,
                    "vegetarian": false,
                    "lactoseFree": false,
                    "antibioticFree": false,
                    "wheatFree": false,
                    "hormoneFree": false,
                    "nitrateFree": false,
                    "nitriteFree": false,
                    "natural": false,
                    "longTermOutOfStock": false
                },
                "image": {
                    "small": "https://i5.peapod.com/c/UB/UB8MU.png",
                    "medium": "https://i5.peapod.com/c/QT/QTLF6.png",
                    "large": "https://i5.peapod.com/c/X7/X7O19.png",
                    "xlarge": "https://i5.peapod.com/c/4C/4CQCA.png"
                },
                "bmsm": false,
                "bmsmTiers": [],
                "guidingStars": 0,
                "availableDisplayCoupons": [],
                "options": [],
                "suppressSwapAndSave": true,
                "productCategoryId": 5259,
                "aisle": "13",
                "pickStoreLocationId": "13B-016-006-009",
                "saleTitle": "7 / $9.00",
                "saleMeta": {
                    "pricePoint": 1.2857142857142858
                },
                "hasPriceAdjustment": true,
                "hasPickStoreLocation": true,
                "hasCoupon": false,
                "pickupLockerAvailable": true,
                "sustainabilityRating": 0,
                "isMarketplaceProduct": false,
                "ebtEligible": false,
                "variableWeight": false,
                "bottleDepositMap": {},
                "isAlcohol": false,
                "categories": [],
                "weightIncrement": 1.0,
                "weightedRegularPrice": 1.39,
                "boosted": false,
                "showStrikethrough": true,
                "advertiseOnSale": true
            },
            {
                "prodId": 169551,
                "name": "Fancy Feast Grilled Salmon Feast in Gravy Wet Cat Food",
                "size": "3 OZ CAN",
                "unitPrice": 0.30,
                "unitMeasure": "OZ",
                "price": 0.89,
                "regularPrice": 0.89,
                "rootCatId": 1447,
                "rootCatSeq": 33,
                "rootCatName": "Pets",
                "rootCategoryTreeId": 2057,
                "upc": "5000050389",
                "hasSubstitute": false,
                "rating": 0.0,
                "ratingReviewsSuppressed": true,
                "marketSpecificReviews": false,
                "reviewId": "169551-PPDALL",
                "brandId": 325,
                "brand": "Fancy Feast",
                "subcatId": 5272,
                "subcatName": "Wet Adult Cat Food",
                "flags": {
                    "sample": false,
                    "suppressed": false,
                    "active": true,
                    "outOfStock": false,
                    "specialCode": " ",
                    "upromise": false,
                    "newArrival": false,
                    "privateLabel": false,
                    "preferredItem": false,
                    "bogo": false,
                    "sale": false,
                    "lowPriceEveryday": false,
                    "organic": false,
                    "dairy": false,
                    "egg": false,
                    "gluten": false,
                    "kosher": false,
                    "peanut": false,
                    "nonGMO": false,
                    "vegan": false,
                    "vegetarian": false,
                    "lactoseFree": false,
                    "antibioticFree": false,
                    "wheatFree": false,
                    "hormoneFree": false,
                    "nitrateFree": false,
                    "nitriteFree": false,
                    "natural": false,
                    "longTermOutOfStock": false
                },
                "image": {
                    "small": "https://i5.peapod.com/c/YE/YE4XH.png",
                    "medium": "https://i5.peapod.com/c/XS/XSVBH.png",
                    "large": "https://i5.peapod.com/c/57/57FM0.png",
                    "xlarge": "https://i5.peapod.com/c/AP/APET9.png"
                },
                "bmsm": false,
                "bmsmTiers": [],
                "guidingStars": 0,
                "availableDisplayCoupons": [],
                "options": [],
                "suppressSwapAndSave": true,
                "productCategoryId": 5272,
                "aisle": "13",
                "pickStoreLocationId": "13B-020-007-007",
                "hasPriceAdjustment": false,
                "hasPickStoreLocation": true,
                "hasCoupon": false,
                "pickupLockerAvailable": true,
                "sustainabilityRating": 0,
                "isMarketplaceProduct": false,
                "ebtEligible": false,
                "variableWeight": false,
                "bottleDepositMap": {},
                "isAlcohol": false,
                "categories": [],
                "weightIncrement": 1.0,
                "weightedRegularPrice": 0.89,
                "boosted": false,
                "showStrikethrough": true,
                "advertiseOnSale": false
            },
            {
                "prodId": 219183,
                "name": "SHEBA Perfect Portions Pate Delicate Salmon Wet Cat Food - 2 ct",
                "size": "2.64 OZ PKG",
                "unitPrice": 0.57,
                "unitMeasure": "OZ",
                "price": 1.50,
                "regularPrice": 1.99,
                "rootCatId": 1447,
                "rootCatSeq": 33,
                "rootCatName": "Pets",
                "rootCategoryTreeId": 2057,
                "upc": "2310011021",
                "hasSubstitute": false,
                "rating": 0.0,
                "ratingReviewsSuppressed": true,
                "marketSpecificReviews": false,
                "reviewId": "219183-PPDALL",
                "brandId": 2770,
                "brand": "SHEBA",
                "subcatId": 5272,
                "subcatName": "Wet Adult Cat Food",
                "flags": {
                    "sample": false,
                    "suppressed": false,
                    "active": true,
                    "outOfStock": false,
                    "specialCode": "*",
                    "upromise": false,
                    "newArrival": false,
                    "privateLabel": false,
                    "preferredItem": false,
                    "bogo": false,
                    "sale": true,
                    "lowPriceEveryday": false,
                    "organic": false,
                    "dairy": false,
                    "egg": false,
                    "gluten": false,
                    "kosher": false,
                    "peanut": false,
                    "nonGMO": false,
                    "vegan": false,
                    "vegetarian": false,
                    "lactoseFree": false,
                    "antibioticFree": false,
                    "wheatFree": false,
                    "hormoneFree": false,
                    "nitrateFree": false,
                    "nitriteFree": false,
                    "natural": false,
                    "longTermOutOfStock": false
                },
                "image": {
                    "small": "https://i5.peapod.com/c/CR/CR5KW.png",
                    "medium": "https://i5.peapod.com/c/VP/VPHUQ.png",
                    "large": "https://i5.peapod.com/c/LA/LAKKW.png",
                    "xlarge": "https://i5.peapod.com/c/U4/U4P9L.png"
                },
                "bmsm": false,
                "bmsmTiers": [],
                "guidingStars": 0,
                "availableDisplayCoupons": [],
                "options": [],
                "suppressSwapAndSave": true,
                "productCategoryId": 5272,
                "aisle": "13",
                "pickStoreLocationId": "13B-016-005-003",
                "saleTitle": "4 / $6.00",
                "saleMeta": {
                    "pricePoint": 1.5
                },
                "hasPriceAdjustment": true,
                "hasPickStoreLocation": true,
                "hasCoupon": false,
                "pickupLockerAvailable": true,
                "sustainabilityRating": 0,
                "isMarketplaceProduct": false,
                "ebtEligible": false,
                "variableWeight": false,
                "bottleDepositMap": {},
                "isAlcohol": false,
                "categories": [],
                "weightIncrement": 1.0,
                "weightedRegularPrice": 1.99,
                "boosted": false,
                "showStrikethrough": true,
                "advertiseOnSale": true
            },
            {
                "prodId": 207233,
                "name": "Fancy Feast Gravy Lovers Grilled Chicken/Beef Feast in Gravy Wet Cat Food",
                "size": "3 OZ CAN",
                "unitPrice": 0.30,
                "unitMeasure": "OZ",
                "price": 0.89,
                "regularPrice": 0.89,
                "rootCatId": 1447,
                "rootCatSeq": 33,
                "rootCatName": "Pets",
                "rootCategoryTreeId": 2057,
                "upc": "5000029263",
                "hasSubstitute": false,
                "rating": 0.0,
                "ratingReviewsSuppressed": true,
                "marketSpecificReviews": false,
                "reviewId": "207233-PPDALL",
                "brandId": 325,
                "brand": "Fancy Feast",
                "subcatId": 5272,
                "subcatName": "Wet Adult Cat Food",
                "flags": {
                    "sample": false,
                    "suppressed": false,
                    "active": true,
                    "outOfStock": false,
                    "specialCode": " ",
                    "upromise": false,
                    "newArrival": false,
                    "privateLabel": false,
                    "preferredItem": false,
                    "bogo": false,
                    "sale": false,
                    "lowPriceEveryday": false,
                    "organic": false,
                    "dairy": false,
                    "egg": false,
                    "gluten": false,
                    "kosher": false,
                    "peanut": false,
                    "nonGMO": false,
                    "vegan": false,
                    "vegetarian": false,
                    "lactoseFree": false,
                    "antibioticFree": false,
                    "wheatFree": false,
                    "hormoneFree": false,
                    "nitrateFree": false,
                    "nitriteFree": false,
                    "natural": false,
                    "longTermOutOfStock": false
                },
                "image": {
                    "small": "https://i5.peapod.com/c/NC/NCB3F.png",
                    "medium": "https://i5.peapod.com/c/FO/FOOWA.png",
                    "large": "https://i5.peapod.com/c/WT/WTD68.png",
                    "xlarge": "https://i5.peapod.com/c/F2/F23TO.png"
                },
                "bmsm": false,
                "bmsmTiers": [],
                "guidingStars": 0,
                "availableDisplayCoupons": [],
                "options": [],
                "suppressSwapAndSave": true,
                "productCategoryId": 5272,
                "aisle": "13",
                "pickStoreLocationId": "13B-020-005-008",
                "hasPriceAdjustment": false,
                "hasPickStoreLocation": true,
                "hasCoupon": false,
                "pickupLockerAvailable": true,
                "sustainabilityRating": 0,
                "isMarketplaceProduct": false,
                "ebtEligible": false,
                "variableWeight": false,
                "bottleDepositMap": {},
                "isAlcohol": false,
                "categories": [],
                "weightIncrement": 1.0,
                "weightedRegularPrice": 0.89,
                "boosted": false,
                "showStrikethrough": true,
                "advertiseOnSale": false
            },
            {
                "prodId": 168111,
                "name": "Fancy Feast Gravy Lovers Ocean Whitefish & Tuna Feast Wet Cat Food",
                "size": "3 OZ CAN",
                "unitPrice": 0.30,
                "unitMeasure": "OZ",
                "price": 0.89,
                "regularPrice": 0.89,
                "rootCatId": 1447,
                "rootCatSeq": 33,
                "rootCatName": "Pets",
                "rootCategoryTreeId": 2057,
                "upc": "5000057843",
                "hasSubstitute": false,
                "rating": 0.0,
                "ratingReviewsSuppressed": true,
                "marketSpecificReviews": false,
                "reviewId": "168111-PPDALL",
                "brandId": 325,
                "brand": "Fancy Feast",
                "subcatId": 5272,
                "subcatName": "Wet Adult Cat Food",
                "flags": {
                    "sample": false,
                    "suppressed": false,
                    "active": true,
                    "outOfStock": false,
                    "specialCode": " ",
                    "upromise": false,
                    "newArrival": false,
                    "privateLabel": false,
                    "preferredItem": false,
                    "bogo": false,
                    "sale": false,
                    "lowPriceEveryday": false,
                    "organic": false,
                    "dairy": false,
                    "egg": false,
                    "gluten": false,
                    "kosher": false,
                    "peanut": false,
                    "nonGMO": false,
                    "vegan": false,
                    "vegetarian": false,
                    "lactoseFree": false,
                    "antibioticFree": false,
                    "wheatFree": false,
                    "hormoneFree": false,
                    "nitrateFree": false,
                    "nitriteFree": false,
                    "natural": false,
                    "longTermOutOfStock": false
                },
                "image": {
                    "small": "https://i5.peapod.com/c/9P/9P936.png",
                    "medium": "https://i5.peapod.com/c/FT/FT5LC.png",
                    "large": "https://i5.peapod.com/c/S6/S606K.png",
                    "xlarge": "https://i5.peapod.com/c/KC/KC3AT.png"
                },
                "bmsm": false,
                "bmsmTiers": [],
                "guidingStars": 0,
                "availableDisplayCoupons": [],
                "options": [],
                "suppressSwapAndSave": true,
                "productCategoryId": 5272,
                "aisle": "13",
                "pickStoreLocationId": "13B-020-005-011",
                "hasPriceAdjustment": false,
                "hasPickStoreLocation": true,
                "hasCoupon": false,
                "pickupLockerAvailable": true,
                "sustainabilityRating": 0,
                "isMarketplaceProduct": false,
                "ebtEligible": false,
                "variableWeight": false,
                "bottleDepositMap": {},
                "isAlcohol": false,
                "categories": [],
                "weightIncrement": 1.0,
                "weightedRegularPrice": 0.89,
                "boosted": false,
                "showStrikethrough": true,
                "advertiseOnSale": false
            },
            {
                "prodId": 30920,
                "name": "Fancy Feast Flaked Fish & Shrimp Feast Wet Cat Food",
                "size": "3 OZ CAN",
                "unitPrice": 0.30,
                "unitMeasure": "OZ",
                "price": 0.89,
                "regularPrice": 0.89,
                "rootCatId": 1447,
                "rootCatSeq": 33,
                "rootCatName": "Pets",
                "rootCategoryTreeId": 2057,
                "upc": "5000042874",
                "hasSubstitute": false,
                "rating": 0.0,
                "ratingReviewsSuppressed": true,
                "marketSpecificReviews": false,
                "reviewId": "30920-PPDALL",
                "brandId": 325,
                "brand": "Fancy Feast",
                "subcatId": 5272,
                "subcatName": "Wet Adult Cat Food",
                "flags": {
                    "sample": false,
                    "suppressed": false,
                    "active": true,
                    "outOfStock": false,
                    "specialCode": " ",
                    "upromise": false,
                    "newArrival": false,
                    "privateLabel": false,
                    "preferredItem": false,
                    "bogo": false,
                    "sale": false,
                    "lowPriceEveryday": false,
                    "organic": false,
                    "dairy": false,
                    "egg": false,
                    "gluten": false,
                    "kosher": false,
                    "peanut": false,
                    "nonGMO": false,
                    "vegan": false,
                    "vegetarian": false,
                    "lactoseFree": false,
                    "antibioticFree": false,
                    "wheatFree": false,
                    "hormoneFree": false,
                    "nitrateFree": false,
                    "nitriteFree": false,
                    "natural": false,
                    "longTermOutOfStock": false
                },
                "image": {
                    "small": "https://i5.peapod.com/c/F2/F2ZQ6.png",
                    "medium": "https://i5.peapod.com/c/77/77B9T.png",
                    "large": "https://i5.peapod.com/c/AD/ADOBL.png",
                    "xlarge": "https://i5.peapod.com/c/LL/LLMA0.png"
                },
                "bmsm": false,
                "bmsmTiers": [],
                "guidingStars": 0,
                "availableDisplayCoupons": [],
                "options": [],
                "suppressSwapAndSave": true,
                "productCategoryId": 5272,
                "aisle": "13",
                "pickStoreLocationId": "13B-020-004-004",
                "hasPriceAdjustment": false,
                "hasPickStoreLocation": true,
                "hasCoupon": false,
                "pickupLockerAvailable": true,
                "sustainabilityRating": 0,
                "isMarketplaceProduct": false,
                "ebtEligible": false,
                "variableWeight": false,
                "bottleDepositMap": {},
                "isAlcohol": false,
                "categories": [],
                "weightIncrement": 1.0,
                "weightedRegularPrice": 0.89,
                "boosted": false,
                "showStrikethrough": true,
                "advertiseOnSale": false
            },
            {
                "prodId": 6958,
                "name": "Friskies Pate Chicken & Tuna Dinner Adult Wet Cat Food",
                "size": "5.5 OZ CAN",
                "unitPrice": 0.14,
                "unitMeasure": "OZ",
                "price": 0.79,
                "regularPrice": 0.79,
                "rootCatId": 1447,
                "rootCatSeq": 33,
                "rootCatName": "Pets",
                "rootCategoryTreeId": 2057,
                "upc": "5000042444",
                "hasSubstitute": false,
                "rating": 0.0,
                "ratingReviewsSuppressed": true,
                "marketSpecificReviews": false,
                "reviewId": "6958-PPDALL",
                "brandId": 199,
                "brand": "Friskies",
                "subcatId": 5272,
                "subcatName": "Wet Adult Cat Food",
                "flags": {
                    "sample": false,
                    "suppressed": false,
                    "active": true,
                    "outOfStock": false,
                    "specialCode": " ",
                    "upromise": false,
                    "newArrival": false,
                    "privateLabel": false,
                    "preferredItem": false,
                    "bogo": false,
                    "sale": false,
                    "lowPriceEveryday": false,
                    "organic": false,
                    "dairy": false,
                    "egg": false,
                    "gluten": false,
                    "kosher": false,
                    "peanut": false,
                    "nonGMO": false,
                    "vegan": false,
                    "vegetarian": false,
                    "lactoseFree": false,
                    "antibioticFree": false,
                    "wheatFree": false,
                    "hormoneFree": false,
                    "nitrateFree": false,
                    "nitriteFree": false,
                    "natural": false,
                    "longTermOutOfStock": false
                },
                "image": {
                    "small": "https://i5.peapod.com/c/UI/UI574.png",
                    "medium": "https://i5.peapod.com/c/PU/PUVKE.png",
                    "large": "https://i5.peapod.com/c/OX/OX6UY.png",
                    "xlarge": "https://i5.peapod.com/c/MK/MKYVH.png"
                },
                "bmsm": false,
                "bmsmTiers": [],
                "guidingStars": 0,
                "availableDisplayCoupons": [],
                "options": [],
                "suppressSwapAndSave": true,
                "productCategoryId": 5272,
                "aisle": "13",
                "pickStoreLocationId": "13B-022-006-005",
                "hasPriceAdjustment": false,
                "hasPickStoreLocation": true,
                "hasCoupon": false,
                "pickupLockerAvailable": true,
                "sustainabilityRating": 0,
                "isMarketplaceProduct": false,
                "ebtEligible": false,
                "variableWeight": false,
                "bottleDepositMap": {},
                "isAlcohol": false,
                "categories": [],
                "weightIncrement": 1.0,
                "weightedRegularPrice": 0.79,
                "boosted": false,
                "showStrikethrough": true,
                "advertiseOnSale": false
            },
            {
                "prodId": 34170,
                "name": "Fancy Feast Flaked Trout Feast Wet Cat Food",
                "size": "3 OZ CAN",
                "unitPrice": 0.30,
                "unitMeasure": "OZ",
                "price": 0.89,
                "regularPrice": 0.89,
                "rootCatId": 1447,
                "rootCatSeq": 33,
                "rootCatName": "Pets",
                "rootCategoryTreeId": 2057,
                "upc": "5000042884",
                "hasSubstitute": false,
                "rating": 0.0,
                "ratingReviewsSuppressed": true,
                "marketSpecificReviews": false,
                "reviewId": "34170-PPDALL",
                "brandId": 325,
                "brand": "Fancy Feast",
                "subcatId": 5272,
                "subcatName": "Wet Adult Cat Food",
                "flags": {
                    "sample": false,
                    "suppressed": false,
                    "active": true,
                    "outOfStock": false,
                    "specialCode": " ",
                    "upromise": false,
                    "newArrival": false,
                    "privateLabel": false,
                    "preferredItem": false,
                    "bogo": false,
                    "sale": false,
                    "lowPriceEveryday": false,
                    "organic": false,
                    "dairy": false,
                    "egg": false,
                    "gluten": false,
                    "kosher": false,
                    "peanut": false,
                    "nonGMO": false,
                    "vegan": false,
                    "vegetarian": false,
                    "lactoseFree": false,
                    "antibioticFree": false,
                    "wheatFree": false,
                    "hormoneFree": false,
                    "nitrateFree": false,
                    "nitriteFree": false,
                    "natural": false,
                    "longTermOutOfStock": false
                },
                "image": {
                    "small": "https://i5.peapod.com/c/EC/ECJHH.png",
                    "medium": "https://i5.peapod.com/c/QX/QXWYT.png",
                    "large": "https://i5.peapod.com/c/IS/IS2F4.png",
                    "xlarge": "https://i5.peapod.com/c/EE/EEA3F.png"
                },
                "bmsm": false,
                "bmsmTiers": [],
                "guidingStars": 0,
                "availableDisplayCoupons": [],
                "options": [],
                "suppressSwapAndSave": true,
                "productCategoryId": 5272,
                "aisle": "13",
                "pickStoreLocationId": "13B-020-004-008",
                "hasPriceAdjustment": false,
                "hasPickStoreLocation": true,
                "hasCoupon": false,
                "pickupLockerAvailable": true,
                "sustainabilityRating": 0,
                "isMarketplaceProduct": false,
                "ebtEligible": false,
                "variableWeight": false,
                "bottleDepositMap": {},
                "isAlcohol": false,
                "categories": [],
                "weightIncrement": 1.0,
                "weightedRegularPrice": 0.89,
                "boosted": false,
                "showStrikethrough": true,
                "advertiseOnSale": false
            },
            {
                "prodId": 222013,
                "name": "SHEBA Perfect Portions Cuts Sustainable Tuna Wet Cat Food - 2 ct",
                "size": "2.64 OZ PKG",
                "unitPrice": 0.57,
                "unitMeasure": "OZ",
                "price": 1.50,
                "regularPrice": 1.99,
                "rootCatId": 1447,
                "rootCatSeq": 33,
                "rootCatName": "Pets",
                "rootCategoryTreeId": 2057,
                "upc": "2310011415",
                "hasSubstitute": false,
                "rating": 0.0,
                "ratingReviewsSuppressed": true,
                "marketSpecificReviews": false,
                "reviewId": "222013-PPDALL",
                "brandId": 2770,
                "brand": "SHEBA",
                "subcatId": 5272,
                "subcatName": "Wet Adult Cat Food",
                "flags": {
                    "sample": false,
                    "suppressed": false,
                    "active": true,
                    "outOfStock": false,
                    "specialCode": "*",
                    "upromise": false,
                    "newArrival": false,
                    "privateLabel": false,
                    "preferredItem": false,
                    "bogo": false,
                    "sale": true,
                    "lowPriceEveryday": false,
                    "organic": false,
                    "dairy": false,
                    "egg": false,
                    "gluten": false,
                    "kosher": false,
                    "peanut": false,
                    "nonGMO": false,
                    "vegan": false,
                    "vegetarian": false,
                    "lactoseFree": false,
                    "antibioticFree": false,
                    "wheatFree": false,
                    "hormoneFree": false,
                    "nitrateFree": false,
                    "nitriteFree": false,
                    "natural": false,
                    "longTermOutOfStock": false
                },
                "image": {
                    "small": "https://i5.peapod.com/c/8N/8N7PA.png",
                    "medium": "https://i5.peapod.com/c/XP/XP902.png",
                    "large": "https://i5.peapod.com/c/QN/QN6QB.png",
                    "xlarge": "https://i5.peapod.com/c/BF/BFKYB.png"
                },
                "bmsm": false,
                "bmsmTiers": [],
                "guidingStars": 0,
                "availableDisplayCoupons": [],
                "options": [],
                "suppressSwapAndSave": true,
                "productCategoryId": 5272,
                "aisle": "13",
                "pickStoreLocationId": "13B-016-004-002",
                "saleTitle": "4 / $6.00",
                "saleMeta": {
                    "pricePoint": 1.5
                },
                "hasPriceAdjustment": true,
                "hasPickStoreLocation": true,
                "hasCoupon": false,
                "pickupLockerAvailable": true,
                "sustainabilityRating": 0,
                "isMarketplaceProduct": false,
                "ebtEligible": false,
                "variableWeight": false,
                "bottleDepositMap": {},
                "isAlcohol": false,
                "categories": [],
                "weightIncrement": 1.0,
                "weightedRegularPrice": 1.99,
                "boosted": false,
                "showStrikethrough": true,
                "advertiseOnSale": true
            },
            {
                "prodId": 162001,
                "name": "Friskies Shreds Beef in Gravy Adult Wet Cat Food",
                "size": "5.5 OZ CAN",
                "unitPrice": 0.14,
                "unitMeasure": "OZ",
                "price": 0.79,
                "regularPrice": 0.79,
                "rootCatId": 1447,
                "rootCatSeq": 33,
                "rootCatName": "Pets",
                "rootCategoryTreeId": 2057,
                "upc": "5000010364",
                "hasSubstitute": false,
                "rating": 0.0,
                "ratingReviewsSuppressed": true,
                "marketSpecificReviews": false,
                "reviewId": "162001-PPDALL",
                "brandId": 199,
                "brand": "Friskies",
                "subcatId": 5272,
                "subcatName": "Wet Adult Cat Food",
                "flags": {
                    "sample": false,
                    "suppressed": false,
                    "active": true,
                    "outOfStock": false,
                    "specialCode": " ",
                    "upromise": false,
                    "newArrival": false,
                    "privateLabel": false,
                    "preferredItem": false,
                    "bogo": false,
                    "sale": false,
                    "lowPriceEveryday": false,
                    "organic": false,
                    "dairy": false,
                    "egg": false,
                    "gluten": false,
                    "kosher": false,
                    "peanut": false,
                    "nonGMO": false,
                    "vegan": false,
                    "vegetarian": false,
                    "lactoseFree": false,
                    "antibioticFree": false,
                    "wheatFree": false,
                    "hormoneFree": false,
                    "nitrateFree": false,
                    "nitriteFree": false,
                    "natural": false,
                    "longTermOutOfStock": false
                },
                "image": {
                    "small": "https://i5.peapod.com/c/3X/3XNNY.png",
                    "medium": "https://i5.peapod.com/c/4E/4EP89.png",
                    "large": "https://i5.peapod.com/c/8Q/8Q4HI.png",
                    "xlarge": "https://i5.peapod.com/c/F3/F3Q5F.png"
                },
                "bmsm": false,
                "bmsmTiers": [],
                "guidingStars": 0,
                "availableDisplayCoupons": [],
                "options": [],
                "suppressSwapAndSave": true,
                "productCategoryId": 5272,
                "aisle": "13",
                "pickStoreLocationId": "13B-022-005-002",
                "hasPriceAdjustment": false,
                "hasPickStoreLocation": true,
                "hasCoupon": false,
                "pickupLockerAvailable": true,
                "sustainabilityRating": 0,
                "isMarketplaceProduct": false,
                "ebtEligible": false,
                "variableWeight": false,
                "bottleDepositMap": {},
                "isAlcohol": false,
                "categories": [],
                "weightIncrement": 1.0,
                "weightedRegularPrice": 0.79,
                "boosted": false,
                "showStrikethrough": true,
                "advertiseOnSale": false
            }
        ],
        "simpleFacets": [
            {
                "data": "specials",
                "count": 247
            },
            {
                "data": "newArrivals",
                "count": 4
            },
            {
                "data": "privateLabel",
                "count": 88
            }
        ],
        "keywords": "",
        "productGroups": {},
        "pagination": {
            "rows": 40,
            "start": 0,
            "total": 928
        }
    }
}